2624 4808
136 355 174 418 18
454 354 489 416 C.
514 352 639 417 SlLll
665 354 859 421 lTALlCl

131 492 320 580 Suspirans,
336 492 484 580 ustisque
497 491 554 557 diu
568 493 724 557 calefacta
736 494 905 576 medulliS,

132 604 270 680 AEstnat,
286 619 319 665 et
330 602 457 692 Stygios
471 598 601 666 exhalat
612 603 646 665 in
659 625 734 666 aera
746 604 853 670 flatus.

132 708 288 785 Parturit‚
303 725 335 771 et
350 707 496 772 tremulis
509 707 728 773 metuendum
741 710 889 776 exsibilat
900 714 1021 779 antris:

132 812 371 902 Interdumque
384 836 477 878 cavas
489 813 631 879 luctatus
643 837 799 903 rumpere
811 816 924 895 sedes,

130 923 196 982 Aut
209 919 296 982 exire
310 918 416 995 fretis,
430 920 540 984 sonitu
554 916 696 1006 lugubre
708 921 828 987 minaci

130 1022 295 1088 Mulciber
307 1023 462 1109 inmugit,
475 1022 682 1112 lacerataque
696 1024 819 1089 viscera
830 1044 926 1092 terrae

130 1128 274 1208 Mandit,
289 1147 321 1193 et
335 1151 448 1193 exesos
460 1128 635 1193 labefactat
646 1153 817 1196 murmure
830 1149 972 1199 montes.

130 1233 283 1299 Tradunt
296 1235 460 1302 Herculea
471 1251 652 1323 prostratos
664 1235 751 1301 mole
764 1238 910 1326 gigantas

131 1342 300 1406 Tellurem
314 1343 467 1431 injectam
481 1359 632 1432 quatere,
646 1359 681 1407 et
692 1345 870 1432 spiramine
882 1345 1003 1412 anbelo

130 1450 160 1512 T
162 1451 266 1512 orreri
279 1448 342 1512 late
354 1471 503 1535 campos,
518 1449 715 1539 quotiesque
729 1451 898 1516 minantur
1140 1469 1185 1525 145

132 1555 299 1640 Rumpere
311 1575 505 1640 compagem
518 1553 713 1639 inpositam,
727 1554 947 1641 expallescere
958 1556 1088 1623 caelum.

129 1659 275 1746 Adparet
289 1658 448 1749 Prochyte
461 1683 584 1724 saevum
598 1661 711 1724 sortita
723 1662 901 1727 Mimanta:

129 1765 274 1855 Adparet
286 1765 404 1853 procul
417 1766 573 1844 lnarime,
587 1787 661 1855 quae
674 1763 806 1830 turbine
820 1769 914 1856 nigro

125 1957 175 2017 jam
186 1958 276 2001 monuit
288 1956 388 2002 Dralten.
398 1981 430 1991 -
442 1953 493 2000 138,
503 1949 530 1999 ei
542 1955 646 1999 Parturit
655 1954 793 2001 mendorum
805 1957 927 2003 videbatur
936 1955 1013 2002 barth.
1025 1957 1082 2004 tdv.
1096 1960 1139 2016 Ν,
1156 1977 1187 2008 ιο

128 2028 182 2081 lubi
195 2028 257 2073 lever
269 2027 309 2073 lut
321 2027 401 2072 adtulit
413 2027 526 2072 rationes:
542 2046 551 2064 «
562 2025 617 2071 illud
627 2025 732 2072 exsibilat
745 2029 838 2073 minime
848 2028 877 2073 de
892 2032 938 2089 iqui
951 2044 1035 2091 erpere
1044 2042 1127 2091 potes,
1137 2048 1184 2079 nee

128 2097 205 2152 adid,
221 2098 285 2159 quod
296 2100 412 2158 sequitur,
426 2096 611 2158 intelligendum,
624 2112 697 2157 quum
709 2098 740 2143 ibi
756 2101 849 2162 irrmupit
864 2099 965 2160 legatur,
980 2114 1058 2162 neque
1074 2100 1184 2150 tellurem

128 2168 248 2215 exsibilat-e
259 2169 337 2214 dicere
348 2168 415 2222 licet,
427 2184 500 2230 quare
512 2183 606 2214 neccsse
619 2179 666 2222 eet,
678 2168 709 2214 ad
720 2164 746 2214 el
753 2171 826 2229 flatus
838 2173 926 2217 referas
936 2173 962 2229 nl
975 2184 997 2216 et
1007 2174 1035 2216 ll.
1049 2174 1130 2219 lleine.
1142 2175 1185 2222 llle

128 2241 264 2287 emendabat
276 2241 332 2285 Pure
345 2243 401 2291 ruit,
414 2255 467 2300 pari
480 2239 575 2284 llatuum
589 2240 650 2284 intur
666 2253 833 2301 conceptorum
846 2241 975 2294 emulatur,
990 2257 1043 2287 cum
1060 2240 1144 2290 furore
1160 2258 1184 2293 et

126 2326 211 2373 magno
221 2315 321 2374 impetn;
333 2311 371 2357 bie
384 2311 508 2373 Purjurit,
519 2310 557 2356 vel
567 2310 681 2373 Perfurit,
694 2324 720 2356 ut
732 2310 780 2357 bae
790 2313 859 2357 verba
873 2314 954 2359 relerri
963 2317 1053 2375 possint
1060 2315 1091 2360 ad
1101 2315 1139 2361 illa
1151 2317 1184 2364 de

127 2384 245 2438 Vulcano,
258 2399 309 2446 quae
321 2395 462 2446 sequuntur,
474 2380 586 2427 Mulciber
598 2386 704 2447 r'rrntuqr't,
717 2396 739 2428 ct
751 2386 814 2444 prius
825 2397 907 2445 agatur
916 2385 944 2430 de
954 2384 1045 2430 flamma
1055 2402 1083 2432 ac
1093 2402 1185 2449 vapore

128 2454 164 2501 bic
177 2455 281 2502 locorum
293 2456 436 2512 exundante,
450 2470 511 2501 nunc
520 2455 549 2500 de
559 2453 667 2510 fremitu,
681 2457 720 2518 qui
733 2456 777 2502 rub
790 2459 856 2504 terris
867 2457 987 2512 audiatur,
1000 2470 1024 2504 ut
1034 2474 1072 2520 ap.
1085 2460 1184 2507 Peteon.

127 2541 148 2572 o.
162 2541 219 2570 ruo:
233 2527 276 2570 Est
287 2525 361 2579 locus,
375 2530 450 2571 exram
457 2526 547 2584 penitus
558 2525 673 2571 demersus
685 2525 747 2571 lu'euu
758 2524 914 2589 Parthenopen
925 2532 983 2575 tuter
994 2543 1127 2592 moqnoeque
1138 2531 1185 2576 ut·

126 2595 243 2641 careliidos
254 2612 323 2651 nive,
336 2596 419 2654 Cocyto
429 2594 536 2657 perfusus
547 2611 621 2658 aqum
636 2612 689 2640 num
700 2599 803 2659 spuitur,
820 2606 885 2643 extra
900 2599 946 2656 Qui
953 2602 1016 2662 furit
1026 2598 1129 2661 effirsur,
1136 2601 1184 2663 fu-

126 2678 189 2714 nesto
200 2672 316 2731 sparqr'tur
326 2676 390 2714 testu.
403 2668 457 2712 liae
471 2668 606 2727 conjectura
620 2682 666 2712 non
681 2668 824 2729 inprobanda
836 2669 939 2723 videtur,
952 2671 994 2716 nisi
1006 2672 1083 2733 potius
1093 2669 1131 2715 vel
1142 2669 1185 2719 bic

126 2738 163 2786 vel
176 2756 245 2801 pret.
257 2751 338 2784 versui
352 2737 477 2797 ejiciendus
489 2751 524 2782 est
536 2749 559 2782 et
573 2735 671 2797 glossam
683 2737 787 2783 redolet:
799 2754 867 2784 remu
881 2752 944 2784 certe
955 2756 1037 2802 parum
1050 2738 1181 2797 differunt,

128 2823 151 2857 et
164 2820 244 2856 aesmut
256 2809 380 2871 rerpondet
392 2806 425 2870 τᾷ
437 2807 548 2870 pdrturit,
559 2820 584 2853 ut
596 2805 689 2853 exhalat
697 2806 729 2870 τᾷ
742 2807 851 2854 exsibilat.
864 2810 916 2855 Non
926 2812 1008 2871 ignoro
1018 2810 1128 2872 quidem,
1140 2824 1183 2857 me

124 2885 148 2928 iu
159 2897 228 2945 poeta
241 2883 373 2929 luxuriantis
387 2883 471 2941 ingenii
484 2882 583 2936 vereari3
597 2891 620 2926 et
633 2883 667 2926 vir
682 2880 832 2938 crediderim,
847 2897 900 2928 eum
912 2896 958 2929 tatu
969 2882 1067 2943 abrupte
1078 2883 1181 2939 dixisse,

126 2953 192 2998 tellus
207 2963 289 3000 oertunt
299 2963 322 2998 et
332 2949 435 3005 exhalat,
448 2954 548 3014 parturit
557 2960 580 2997 et
594 2948 705 2997 ersibe'lut.
723 2951 804 2997 Lelcb.
821 2966 911 3008 monet,
928 2952 1047 2999 Barthium
1059 2965 1081 2998 et
1096 2955 1180 3002 lleinr.

126 3026 210 3070 mirum
221 3038 333 3088 quantum
348 3025 458 3084 ineptire,
471 3035 494 3068 et
505 3025 608 3078 ameni,
619 3036 700 3068 eorum
710 3023 850 3083 conjecturis
860 3038 906 3069 nou
917 3039 977 3084 opus
985 3039 1050 3070 erre:
1063 3024 1105 3070 red
1115 3040 1181 3071 neu·

126 3104 161 3140 ter
175 3098 276 3141 rationes
289 3095 378 3154 adjecit.
390 3093 492 3139 Verbum
503 3095 601 3154 parturit
613 3091 647 3154 τᾷ
661 3107 766 3155 rumpere
782 3093 868 3153 obponi
887 3107 908 3138 et
923 3093 953 3138 ad
963 3094 1093 3140 Vulcanum
1111 3097 1181 3141 rese·

125 3165 236 3220 rendum,
248 3167 355 3227 adeoque
365 3170 479 3212 minorem
488 3165 657 3213 dietinctionem
666 3167 690 3210 in
700 3168 745 3212 line
758 3180 838 3209 verriu
847 3166 977 3226 ponendam
988 3181 1049 3221 cete,
1062 3168 1181 3214 existima-

125 3233 165 3283 bat
177 3237 274 3283 Witbol.
286 3263 317 3272 -
333 3236 382 3293 ido.
390 3238 458 3301 fietis
471 3238 521 3283 Col.
534 3239 576 3282 0¹.
590 3239 616 3280 R.
633 3252 659 3292 α,
669 3237 733 3297 fletis
746 3236 796 3281 Put.
810 3247 832 3280 et
842 3235 897 3282 Tell.
905 3235 1063 3298 Vuloforus.
1075 3262 1107 3272 -
1124 3236 1177 3293 ¹43.

125 3311 228 3371 qipantns
239 3324 282 3368 pro
292 3313 392 3371 piperius
403 3310 493 3371 primus
507 3307 577 3352 edidit
590 3307 659 3352 Dralr.
672 3322 699 3350 ex
710 3304 816 3350 emendat
829 3307 856 3350 N.
869 3307 945 3351 llcins.
961 3307 1005 3351 vid.
1019 3306 1048 3350 nd
1060 3305 1103 3361 tx,
1121 3305 1178 3369 309.

125 3403 157 3413 -
170 3378 219 3434 ull.
231 3382 331 3424 minatur
339 3381 426 3440 primus
436 3378 538 3438 reposuit
548 3375 631 3431 Aldus,
642 3391 723 3421 errore
737 3375 814 3420 lorsun
825 3391 955 3436 operarum.
966 3403 996 3411 -
1011 3378 1060 3438 ¹l7·
1074 3378 1180 3422 Murran-

125 3456 149 3493 to
159 3448 201 3493 01.
212 3450 344 3495 Numnnton
353 3452 403 3494 Put.
416 3449 532 3493 Numanae
542 3451 621 3509 prieur
631 3447 684 3492 edd.
699 3447 794 3492 solemni
806 3449 914 3491 varietate
925 3447 969 3491 rid.
981 3447 1009 3491 ad
1022 3448 1067 3499 lll,
1078 3445 1138 3507 494,
1153 3464 1178 3496 et

126 3521 166 3575 ll,
182 3520 234 3583 276.
246 3521 331 3566 Veram
346 3523 482 3582 scripturam
494 3521 582 3581 primus
595 3521 693 3565 renituit
705 3517 776 3563 Wolf.
791 3520 814 3562 in
826 3518 863 3563 cd.
880 3518 944 3563 llaril.
958 3531 982 3563 et
992 3517 1098 3564 defendit
1111 3518 1177 3565 Delr.

127 3592 156 3637 ad
167 3594 247 3637 Senes.
261 3593 329 3637 llere.
343 3594 398 3638 rur.
411 3608 432 3638 v.
447 3590 500 3652 980.

131 3750 625 3821 136.Suspimns;r.ale,777.-141.
670 3752 695 3801 vl
709 3769 739 3802 ac
755 3751 850 3801 virtute
862 3749 904 3818 (v.
918 3749 951 3801 ad
963 3752 1011 3812 lv,
1025 3748 1092 3818 599)
1106 3750 1177 3802 lleru

127 3831 169 3881 cf.
183 3831 215 3880 ad
231 3833 274 3894 lV,
291 3833 340 3899 275
355 3849 409 3901 sq,
422 3845 448 3882 et
460 3832 530 3895 Vlll,
543 3831 623 3901 537...
671 3830 752 3894 culis,
765 3831 840 3898 cujus
854 3831 992 3900 praecipua²
1003 3831 1028 3877 in
1042 3829 1178 3899 Gigantu-

127 3907 173 3977 Sqt
187 3912 290 3982 ;lleyne
300 3910 410 3982 adVirg.
418 3913 475 3961 AEu.
487 3911 534 3972 111,
544 3910 624 3979 571...
671 3909 773 3961 machia
783 3923 870 3980 partes
880 3911 963 3959 luere.
973 3907 1033 3959 vid.
1043 3907 1174 3978 Apollotl.

127 3991 194 4058 582,
207 4010 238 4043 ex
256 4011 309 4063 quo
326 3993 386 4043 loco
403 3995 481 4044 etiam
496 3995 624 4043 orationis
670 3990 695 4055 1,
712 4007 754 4052 vr,
773 4007 800 4054 r,
821 4007 848 4051 a,
866 4001 892 4039 et
907 3989 943 4049 ll,
963 4005 1013 4051 vn,
1034 4005 1060 4052 r,
1078 3987 1174 4060 ibique

126 4073 230 4124 colores
245 4075 411 4143 potissimum
428 4074 534 4142 petiisse
550 4071 625 4123 iide-
670 4071 769 4142 lleyne.
780 4100 815 4108 -
833 4070 889 4136 146.
909 4087 1057 4142 compupem
1077 4081 1175 4134 terrm,

127 4164 170 4206 tur
180 4154 266 4207 Silius.
280 4182 315 4194 -
330 4150 529 4218 143.Ilerculeo
539 4152 624 4217 mole,
668 4147 696 4202 h.
710 4169 733 4202 e.
743 4162 849 4202 terram.
859 4174 896 4188 ·-
905 4147 1009 4212 celum,
1023 4146 1096 4199 deos.
