2624 4808
306 372 617 439 PUNICOIIUM
643 375 732 438 le.
758 376 844 440 XII.
1056 375 1093 440 6ι
1124 378 1127 385 ’

49 517 93 583 Et
105 517 191 584 festa
204 519 342 607 cingunt
354 518 474 582 montis
487 519 669 605 penetralia
681 518 783 585 lauro.

50 623 142 686 Tum
154 622 280 699 vultus,
293 621 395 687 modo
407 645 473 687 nou
487 645 589 710 parvo
602 621 724 687 sudore
737 622 922 704 madentes,

52 730 150 792 Nunc
162 727 254 794 laetos
266 729 358 794 Joris
369 725 572 816 adspectant.
590 757 602 785 ιι
615 730 678 801 Da,
693 751 821 792 summe
834 733 996 810 Deorum,

53 834 239 945 Da,pater,
254 851 292 897 ut
302 855 396 899 sacro
411 832 507 921 Libys
521 833 606 896 iuter
618 833 730 919 praelia
742 834 809 897 telo

54 936 232 1003 Concidat:
246 935 336 1021 haud
347 937 409 1001 alia
423 938 509 1023 potis
522 955 570 1001 est
583 938 781 1002 occumbere
794 937 942 1004 dextra.»
1056 953 1100 1010 ets

97 1044 151 1109 Sic
162 1042 247 1107 adeo
259 1059 389 1107 orantes
402 1064 552 1130 pressere
565 1042 707 1122 silentia,
722 1061 898 1132 postquam

53 1145 243 1213 Abstulerat
256 1165 358 1212 terras
370 1147 575 1235 nigrantibus
590 1149 757 1234 Hesperus
772 1150 905 1224 umbris.
970 1137 973 1144 ¹

54 1255 162 1337 Quem
176 1253 274 1318 simul
286 1250 449 1317 adtollens
462 1252 652 1315 rutilantem
664 1251 817 1341 lampada
828 1255 924 1318 Titan

55 1357 190 1436 Obruit,
203 1374 236 1422 et
248 1358 324 1420 ritae
337 1354 436 1420 rediit
447 1354 639 1420 mortalibus
654 1379 747 1434 usus,

55 1466 178 1528 Poenus
188 1461 297 1542 adest,
312 1484 373 1526 nec
385 1484 420 1526 se
433 1461 545 1526 castris
558 1461 718 1525 OEuotria
733 1461 837 1550 pubes
940 1462 945 1469 '
1057 1482 1103 1527 oso

58 1571 224 1634 Continet.
238 1565 338 1632 Haud
351 1567 430 1633 duni
444 1589 539 1631 enses
552 1567 670 1646 stricti,
685 1565 900 1657 mediumque
908 1570 1039 1660 jacebat

55 1679 201 1742 Tantum
212 1675 254 1740 ad
267 1675 353 1740 bella
366 1674 445 1754 loci,
458 1691 617 1763 quantum
632 1676 853 1740 transmittere
862 1677 959 1766 jactae

56 1781 264 1850 Subficerent
275 1779 393 1859 hastae,
408 1803 511 1869 quum
525 1779 633 1866 fulgor
645 1779 824 1846 hebescere
838 1781 908 1846 caeli

87 1968 142 2015 ⁶50.
152 1967 260 2014 clausule
272 1967 364 2014 emend.
378 1969 455 2013 linem.
467 1967 527 2028 prob
539 1966 609 2012 Drak.
623 1967 675 2027 quis
688 1981 735 2011 non
747 1969 770 2011 in
783 1969 874 2022 castris,
889 1968 930 2014 sed
945 1970 967 2013 in
982 1968 1039 2015 urbe
1051 1970 1106 2017 fne-

59 2042 102 2085 siat
115 2041 219 2085 Rotnani.
234 2043 358 2085 Enimvero
369 2041 447 2084 LivIns
456 2037 495 2083 lib.
507 2037 592 2092 XXVI,
613 2053 652 2092 ιο,
669 2050 794 2091 memorat.
812 2039 916 2084 fulvium
931 2043 1003 2095 inter,
1015 2045 1107 2088 Consu-

59 2111 137 2174 lesque
149 2113 212 2156 eires
227 2124 307 2172 postas
321 2110 432 2156 Collinam
448 2108 635 2170 Esquilinamque
647 2121 721 2155 eastra
734 2112 852 2169 posuisse.
866 2124 889 2156 es
900 2127 920 2155 c.
935 2126 974 2166 ιι,
987 2126 1108 2176 utramque

61 2183 132 2226 selem
143 2181 258 2242 recepisse
275 2196 299 2225 se
313 2181 337 2224 in
353 2191 447 2234 castra,
458 2193 510 2239 quae
526 2177 587 2222 forte
601 2176 638 2222 die
652 2177 723 2239 praelii
739 2177 830 2238 longins
846 2179 876 2224 ab
891 2179 949 2224 urbe
965 2195 1026 2227 mota
1043 2196 1109 2239 sunt3

61 2252 139 2298 confes
146 2251 225 2315 Polyb.
238 2252 283 2306 HI,
292 2251 321 2305 6,
332 2266 354 2312 7,
365 2253 406 2313 qui
416 2250 496 2303 tradit,
506 2247 618 2294 Consules
627 2253 727 2310 primum
736 2263 808 2294 castra
819 2264 872 2297 sure
882 2251 946 2297 urbis
956 2256 1037 2298 moenia
1048 2271 1111 2301 com-

62 2323 174 2374 ssnnisse,
187 2333 210 2366 es
222 2335 276 2366 mos
288 2323 393 2381 posuisse
403 2319 485 2365 decem
495 2317 566 2365 stadia
576 2318 605 2363 ab
614 2317 715 2365 bornum
724 2321 810 2364 castris.
823 2345 854 2354 -
862 2319 916 2366 65ι.
930 2324 1039 2387 mediique
1050 2340 1109 2385 prse-

64 2402 105 2436 stat
114 2389 192 2451 judice
205 2392 233 2435 tt.
247 2392 325 2436 Heius.

96 2550 156 2618 641.
177 2554 207 2603 In
223 2551 333 2623 publica
351 2552 441 2604 letitia
462 2570 513 2603 arte
532 2569 563 2603 ae
609 2562 701 2616 terras,
718 2571 810 2604 earum
826 2552 997 2624 adspectum,
1014 2556 1108 2628 Hespe·

66 2631 160 2703 templa
169 2630 280 2684 deorum
291 2633 425 2695 coronari,
434 2630 563 2694 solebant,
609 2650 668 2692 rus,
682 2633 790 2703 Vesper.
804 2634 846 2684 Cf.
862 2635 913 2700 IX,
928 2635 989 2703 327.
1004 2666 1037 2673 -
1047 2636 1108 2702 648.

66 2714 197 2782 suspensis
216 2715 242 2762 in
257 2709 354 2762 horum
372 2712 492 2782 postibus
507 2729 563 2763 ser·
612 2714 743 2764 «Postero
757 2711 800 2763 die
811 2712 905 2764 eodem
916 2713 976 2765 loco
990 2716 1060 2767 acies
1073 2719 1112 2768 in·

67 2791 112 2851 tis,
124 2790 266 2843 frondibus
275 2805 301 2843 et
312 2791 411 2843 infulis.
423 2792 463 2842 cf.
476 2792 524 2842 inf.
538 2809 562 2842 v.
609 2807 725 2845 structas
735 2792 828 2844 eadem
841 2808 982 2865 tempestas
995 2795 1109 2851 diremit.

67 2869 131 2939 7435
143 2871 234 2942 lleyne
247 2869 281 2922 ad
295 2872 367 2940 Virg.
385 2873 442 2923 AEn.
458 2871 495 2933 Il,
513 2870 564 2936 248
609 2871 662 2922 Ubi
675 2874 835 2941 recepissent
849 2890 876 2925 se
888 2875 915 2924 in
929 2886 1030 2938 castra,
1043 2877 1111 2928 mira

67 2967 134 3019 seq.;
152 2949 250 3020 Gierig.
267 2947 301 2999 ad
318 2947 396 2999 ovid.
416 2950 480 2999 Met.
494 2949 564 3011 VIII,
611 2951 737 3002 serenitas
752 2968 812 2999 cum
831 2950 1025 3021 tranquillitate
1042 2956 1111 3007 orie·

68 3027 134 3094 2643
147 3028 234 3098 Toup.
247 3027 348 3098 Opusc.
359 3027 389 3076 Τ,
407 3028 442 3091 ll,
456 3045 482 3096 p.
500 3042 564 3087 ¹023
611 3029 723 3090 basum
743 3029 799 3079 Liv.
816 3028 916 3091 xxvi,
930 3047 969 3081 ιι.
981 3061 1015 3070 -
1030 3034 1111 3101 Quem

69 3106 155 3159 Barth.
173 3107 208 3160 ad
226 3109 292 3162 Stat.
309 3106 371 3159 Silv.
390 3109 439 3170 lv,
459 3123 519 3170 vui,
538 3125 566 3171 ις
611 3111 758 3178 Hesperum
775 3107 869 3174 simul,
891 3109 1014 3175 simulac,
1034 3113 1111 3165 Titan

70 3188 206 3258 Koeppen.
218 3186 253 3238 ad
264 3188 340 3237 Hom.
352 3184 426 3237 Iliad.
441 3205 471 3246 a,
483 3187 568 3255 39.-
612 3190 709 3250 obresit,
727 3186 787 3237 luce
802 3186 937 3258 radiisque
958 3191 1011 3242 suis
1032 3195 1111 3256 vicit,

71 3269 163 3318 munds
176 3265 336 3335 penetralia,
352 3264 480 3335 templum
494 3267 568 3318 loris
613 3270 669 3337 ejus
687 3265 842 3336 adspectum
858 3267 966 3319 abstulit
983 3283 1008 3321 et
1025 3272 1113 3342 splen·

72 3347 98 3397 in
117 3360 206 3398 monte
224 3346 385 3416 Capitolino.
401 3346 510 3411 -64ι,
530 3346 568 3397 De
614 3347 706 3398 dorem
731 3348 866 3412 restinxit,
890 3348 931 3400 rel
953 3349 1112 3405 obscuravit.

73 3423 124 3476 boc
135 3427 202 3478 tristi
213 3425 337 3497 prodigio
347 3443 371 3474 r.
383 3423 417 3475 ad
427 3426 452 3488 l,
466 3425 514 3488 86,
525 3424 569 3494 98,
614 3425 693 3476 Conf.
708 3423 773 3475 Stat.
792 3423 876 3476 Achil.
891 3427 914 3488 Ι,
930 3428 994 3497 293,
1009 3443 1035 3482 et
1049 3433 1114 3486 Tac.

73 3517 98 3555 et
110 3504 298 3570 vst1‚645.-
312 3504 507 3556 vultusstatute.
615 3506 703 3576 Agris.
727 3521 764 3573 17.
783 3533 816 3541 -
831 3505 959 3559 adtollens
977 3506 1114 3580 lampada,

108 3584 168 3651 664.
183 3603 254 3637 sacro
267 3583 317 3636 telo
327 3607 335 3644 ,-
344 3602 368 3634 ιι.
383 3582 417 3634 ad
429 3583 456 3649 I,
469 3584 534 3647 253,
547 3596 572 3634 et
616 3581 758 3654 graphice,
771 3583 910 3652 proferens
923 3585 1022 3649 lucem3
1034 3592 1096 3642 Ern.

74 3663 123 3727 lx,
143 3653 202 3717 536.
222 3692 259 3703 --
272 3661 333 3728 645.
354 3664 414 3713 Hac
434 3662 572 3733 magnifice
653 3662 713 3714 650.
728 3663 855 3714 (ilinotrin
866 3666 961 3734 pubes,
975 3680 1003 3718 ut
1017 3687 1039 3719 v.
1055 3671 1115 3742 587.

76 3741 146 3795 dIcta
165 3741 199 3794 de
217 3741 380 3806 Hannibale,
401 3740 447 3793 sed
465 3740 573 3813 indigne
618 3742 721 3794 -651.
734 3742 814 3792 Haud
823 3742 884 3794 dum
895 3763 964 3797 enses
972 3750 1054 3800 stricti
1058 3772 1068 3810 ;
1079 3753 1114 3804 cf.

77 3820 110 3872 de
126 3823 265 3888 Romanis,
282 3823 328 3892 qui
344 3835 432 3871 tamen
446 3837 502 3871 nou
519 3839 574 3872 orn·
621 3823 654 3874 ad
667 3842 691 3873 v.
706 3822 771 3889 384,
784 3835 811 3873 et
825 3823 859 3874 ad
872 3823 922 3889 IX,
937 3825 1003 3893 314,
1016 3831 1043 3879 ιιι
1053 3831 1117 3883 Vas,

77 3918 123 3953 nes
137 3903 174 3954 ita
191 3905 317 3965 sensisse,
332 3900 373 3952 rel
387 3911 460 3953 certe
479 3899 575 3953 dixisse
620 3905 691 3955 Lect.
701 3901 761 3954 Vid.
773 3903 807 3954 ad
817 3905 866 3968 IV,
883 3920 927 3955 ιοι
943 3923 998 3976 seq.
1008 3937 1044 3946 -
1056 3910 1118 3962 652.

79 3981 204 4034 censendi
215 3994 286 4034 sunt.
621 3981 702 4046 heila,
714 3981 841 4053 prelium.
855 3982 914 4034 Vid.
931 3983 965 4033 ad
980 3987 1003 4048 I,
1016 3987 1076 4039 621.

112 4059 173 4126 646.
184 4058 317 4112 silentium
328 4077 443 4129 premere
448 4072 495 4124 ,ut
507 4071 577 4110 teue-
656 4060 716 4113 653.
732 4058 901 4132 Subficercnss
917 4063 1048 4129 valerent,
1060 4085 1120 4136 pos·

80 4156 121 4204 re,
141 4137 271 4191 obtinere.
292 4168 325 4177 -
344 4137 405 4207 647.
433 4135 579 4189 Abstulerat
623 4152 733 4206 sent,us
745 4157 789 4210 ap.
802 4141 940 4213 VirgAEn.
953 4143 988 4206 V,
1003 4144 1078 4196 saal.
1091 4149 1120 4199 In
