2624 4808
362 341 420 435 c.
461 322 915 471 srmrirsmcr

260 650 1020 810 aculeorum

221 1020 459 1124 LIBER
503 1019 1066 1128 DUODECIMUS.

116 1335 612 1358 mmmmmmvuwm
617 1337 662 1358 Μ
666 1335 1068 1361 mmmmm*
1073 1343 1152 1363 mu
1160 1345 1168 1361 ι

481 1567 817 1628 ARGUMENTUM.

125 1796 343 1881 Mirrscenre
352 1816 417 1899 jam
430 1815 534 1878 hieme
549 1818 709 1878 Hannibal
723 1838 741 1875 a
753 1817 862 1899 Capua
873 1830 993 1892 movet,
1007 1820 1180 1903 vicinisque
1256 1864 1258 1869 ,

126 1909 252 1991 oppidis
273 1908 519 1990 trepidationem
542 1907 658 1987 injicit3
685 1916 790 1975 r-rl.
812 1906 870 1966 Sed
891 1906 983 1967 luxus
1001 1909 1116 1971 milites
1138 1914 1180 1973 ita

127 2014 334 2073 enervaverat,
347 2014 381 2058 ut
391 2000 442 2057 vix
453 1996 540 2057 arina
550 1996 631 2058 ferre
641 1993 787 2078 possent,
800 1997 924 2057 15-26.
934 1996 1075 2079 Cupidus
1085 2004 1180 2061 mari·

128 2093 194 2150 timi
207 2090 316 2172 oppidi
329 2088 487 2171 potiundi,
498 2110 562 2169 quo
575 2109 679 2148 cursus
693 2086 825 2146 navibus
836 2100 924 2147 tutus
934 2108 971 2147 ex
982 2088 1085 2149 Africa
1095 2108 1181 2165 esset,

130 2182 266 2261 primum
279 2180 443 2261 Neapolim
457 2181 547 2260 petit,
564 2198 635 2260 quae
648 2178 720 2237 urbs
729 2179 852 2251 Graeca,
866 2177 1032 2238 doctorum
1042 2181 1183 2242 virorum

130 2289 245 2328 secessu
259 2267 312 2326 illa
324 2282 413 2327 aetate
422 2265 553 2327 celebris
564 2281 596 2327 et
606 2264 805 2347 Parthenope
816 2265 892 2325 olim
904 2287 922 2325 a
933 2267 1054 2327 tumulo
1065 2268 1184 2331 Sirenes

130 2355 300 2437 adpellata,
311 2353 352 2415 ab
363 2377 416 2432 eo,
426 2354 519 2416 faniae
529 2375 593 2416 sure
603 2355 746 2427 timente,
757 2353 906 2412 omnibus
918 2353 1044 2435 quidem
1055 2357 1185 2433 viribus,
1227 2374 1230 2379 ’

131 2462 164 2504 at
183 2445 278 2504 inrito
300 2458 417 2504 conatu
442 2443 660 2523 obpugnatum
683 2444 811 2524 27-59.
836 2441 912 2500 lnde
935 2445 1065 2517 Cumas,
1089 2443 1183 2505 aliam

131 2533 240 2593 urbem
253 2533 460 2606 maritimam,
479 2530 581 2604 ducit,
600 2530 654 2590 ubi
668 2528 820 2611 templum
834 2530 1003 2611 Apollinis,
1023 2532 1184 2594 aDaedalo

131 2628 164 2684 in
174 2623 252 2683 colle
262 2636 462 2696 exstructum,
472 2620 720 2702 contemplatur3
731 2619 782 2679 sed
792 2622 908 2702 copias,
920 2622 1081 2702 Campana
1092 2622 1184 2683 luxu-

132 2717 177 2772 ria
189 2729 375 2788 marcentes,
388 2711 603 2793 nequidquam
617 2711 702 2770 acuit
716 2709 754 2770 ad
768 2712 934 2791 pristinam
947 2713 1109 2789 virtutem,
1124 2729 1184 2773 eta

130 2805 176 2862 Ti.
189 2804 374 2883 Sempronio
390 2798 532 2861 Graccho
548 2798 726 2882 repellitur;
738 2800 889 2859 60-103.
904 2800 1078 2860 Obsidione
1093 2803 1186 2881 igitur
1226 2856 1233 2875 -.

132 2895 302 2951 Cumarum
317 2891 434 2963 soluta,
446 2891 596 2950 Puteolos
610 2903 738 2972 repente
749 2904 854 2947 movet
867 2903 982 2963 castra,
997 2905 1041 2961 et,
1058 2890 1133 2948 dnm
1148 2911 1183 2951 ea

132 3004 257 3064 quoque
272 2983 346 3042 urbs
362 2980 476 3041 frustra
495 2979 641 3061 operibus
660 2979 812 3060 cingitur,
832 2980 897 3059 ipse
915 2994 1046 3039 tractum
1066 2982 1183 3062 perlus-

132 3087 192 3133 trat
208 3074 439 3154 propinquum,
456 3072 557 3143 Baias,
575 3070 744 3127 Lucrinum
760 3068 935 3148 alvernique
950 3067 1067 3143 lacum,
1087 3067 1184 3129 Ache-

133 3163 249 3220 rusiam
264 3159 427 3242 paludem,
448 3172 549 3217 vastas
569 3159 601 3215 in
622 3154 716 3215 litore
735 3154 910 3235 speluncas,
930 3155 998 3214 loca
1015 3156 1133 3216 sulfure
1150 3180 1184 3216 ar

133 3249 289 3311 bitumine
311 3249 458 3309 scatentia
480 3247 667 3328 ignibusque
688 3243 895 3305 subterraneis
913 3251 1088 3322 estuantia,
1109 3250 1184 3308 Pro·
1277 3312 1281 3319 ,

135 3339 263 3423 clsyten,
274 3341 450 3412 Inarimen,
464 3337 649 3410 Vesuvium,
661 3336 817 3395 Misenum
828 3338 1096 3415 promontorium,
1111 3341 1187 3398 Bau·

135 3429 180 3489 los
195 3444 225 3488 et
236 3424 346 3488 testum
359 3429 468 3499 maris,
480 3447 550 3507 quae
562 3425 669 3484 omnia
684 3426 711 3483 ei
727 3445 745 3482 a
760 3422 951 3504 prirnoribus
965 3424 1079 3506 Capuae
1095 3448 1186 3487 mon-

134 3531 285 3591 strantur3
313 3515 476 3595 rod-160.
502 3517 525 3573 A
546 3513 683 3574 Puteolis
705 3513 816 3572 Nolam
839 3534 949 3593 agmen
969 3520 1135 3592 convertit,
1158 3533 1188 3578 et

135 3607 233 3668 scalas
245 3605 391 3666 admovet
403 3605 517 3664 muris:
532 3605 617 3663 enim
633 3623 706 3662 vero
719 3603 762 3661 M.
776 3601 926 3662 Claudius
941 3603 1121 3678 Marcellus,
1138 3608 1187 3666 in·

136 3709 251 3756 structo
265 3694 302 3754 ad
315 3709 421 3776 portas
430 3692 487 3752 sub
498 3692 667 3752 adventum
678 3689 816 3750 hostium
828 3694 976 3766 exercitu,
990 3697 1186 3776 eruptionem

137 3784 225 3861 iacit,
238 3795 282 3857 et,
297 3783 402 3845 Ptenis
417 3780 546 3862 fugane,
559 3780 671 3840 ducem
683 3801 793 3840 eorum
808 3779 847 3838 ad
861 3781 1020 3862 singulare
1031 3799 1186 3845 certamen

128 3869 302 3956 provocat,
322 3872 485 3951 161-198.
503 3869 595 3946 Quod
613 3891 679 3930 non
693 3870 863 3930 detrectare
877 3872 1088 3931 Hannibalem
1105 3874 1188 3934 lama

139 3961 278 4020 nominis
290 3958 475 4031 suisuadet3
488 3959 543 4018 sed
557 3962 574 4018 J
579 3959 692 4034 unonis
705 3958 870 4019 admonitu
883 3960 922 4018 ab
936 3980 972 4018 eo
986 3976 1147 4035 avocatur,
1161 3976 1190 4021 et

137 4049 249 4111 acerba
273 4050 405 4131 ignaviae
428 4051 644 4130 increpatione
667 4046 784 4107 foedam
806 4070 937 4109 suornm
962 4048 1071 4130 fugam
1095 4053 1190 4125 sistit,

140 4159 273 4223 199—21
283 4159 308 4198 1.
320 4139 473 4199 Restituta
488 4139 553 4197 acie
568 4159 602 4197 ac
615 4158 736 4219 pugna,
752 4159 767 4196 a
783 4137 936 4213 Pediano,
950 4139 1118 4211 Patavino,
1135 4141 1187 4227 qni

231 4252 255 4287 2.
752 4259 754 4263 <
999 4250 1009 4285 r
