2624 4808
383 380 697 446 ruurconuu
720 382 813 445 mn
838 383 924 446 xu.
1117 340 1164 448 '63

122 515 300 582 Venturam
315 521 385 585 caeli
398 519 537 596 rabiem3
551 518 652 583 modo
664 521 768 608 putria
780 522 883 585 virtus

125 621 161 683 ln
173 619 300 688 dextras
314 623 441 703 redeat,
456 648 517 690 nec
529 629 668 690 Romam
681 625 873 690 exscindere
887 628 978 690 Poeni
1119 640 1166 701 670

125 727 264 794 Credant
275 753 348 795 esse
361 733 471 796 nefas:
485 731 542 796 nbi
556 754 631 794 nam
645 747 723 794 tunc
736 730 875 794 fulmina
888 730 1022 795 tandem

127 832 237 897 luvicti
249 833 382 900 latuisse
394 838 411 900 J
416 838 501 914 ovis,
515 858 620 924 quum
632 852 796 901 sterneret
809 837 896 900 ensis

127 938 244 1003 AEtolos
256 942 410 1029 campos?
424 941 495 1021 ubi,
510 964 613 1029 quum
626 941 797 1030 Tyrrhena
811 960 961 1006 natarent

129 1042 240 1132 Stagna
252 1069 370 1111 cruore
382 1048 510 1110 virum?
524 1076 537 1105 a
549 1050 676 1134 Pugnat
688 1069 748 1135 pru
762 1046 940 1124 moenibus,
955 1049 1075 1138 inquit,

129 1148 157 1212 si
168 1167 275 1216 rector
287 1153 451 1240 Superum
463 1167 511 1218 tot
518 1152 615 1243 jactis
628 1151 767 1216 fulmine
781 1151 868 1228 telis,
1121 1172 1165 1234 ⁶75

132 1254 214 1319 Inter
227 1273 274 1321 tot
286 1276 395 1323 motus
407 1282 466 1323 cur
477 1281 531 1322 ure
543 1274 657 1323 contra
669 1280 758 1322 arma
772 1258 934 1322 ferentem

130 1449 203 1499 Catuli.
215 1455 291 1517 Epigr.
303 1471 341 1518 77,
352 1470 374 1502 ει
385 1457 432 1502 Cic.
443 1455 472 1501 ud
482 1458 528 1501 Ast.
538 1457 561 1511 1,
572 1473 594 1518 7,
605 1456 645 1502 ubi
656 1455 807 1499 iniracundia
816 1454 962 1516 aiiJirrnuts'or.
974 1456 997 1500 iu
1006 1468 1062 1502 vett.
1075 1459 1171 1520 quibus·

129 1524 175 1570 datu
187 1525 356 1588 exemplaribus
369 1543 416 1573 nou
427 1525 572 1588 obfirmatur.
586 1530 633 1590 r'pso
645 1524 814 1586 Oxou-669.
824 1524 899 1586 Vulgo
913 1529 1040 1571 Venturum
1050 1526 1170 1593 crebraque

129 1598 192 1652 dum,
206 1614 257 1659 quae
270 1599 441 1644 mendosissime
457 1614 521 1653 esse,
538 1600 573 1643 six
590 1611 624 1644 est
640 1597 704 1660 quod
718 1611 825 1642 moneam
836 1613 842 1642 ε
855 1596 935 1642 crebra
949 1597 999 1643 Col.
1013 1599 1070 1646 iiiuc
1082 1604 1168 1662 optime

129 1668 203 1715 lefeb.
216 1672 320 1732 reposuit
333 1672 457 1716 Venturam
467 1670 518 1717 coeli
528 1669 623 1724 rabiem,
637 1669 701 1732 quod
713 1671 816 1730 recipere
829 1685 876 1714 nou
888 1669 1002 1723 dubitavi,
1015 1671 1045 1717 cf.
1059 1672 1093 1728 11,
1110 1689 1168 1734 290,

129 1753 149 1785 et
157 1740 233 1801 virgil.
246 1741 335 1787 AEueid.
345 1743 374 1796 V,
385 1741 439 1788 802.
451 1743 528 1787 Minus
540 1753 603 1786 certe
616 1739 747 1803 probabiles
759 1750 812 1785 suut
823 1738 920 1784 eborum
933 1742 1006 1800 intpp.
1020 1743 1168 1802 conjecturae.

131 1813 250 1857 Vettiorum
261 1828 274 1857 e
284 1811 341 1858 coefu
352 1812 448 1867 rabiem,
460 1811 509 1866 vel,
522 1810 586 1874 quod
598 1824 699 1858 nostram
710 1810 832 1857 lectionem
845 1813 949 1871 proxime
963 1811 1066 1868 adcedit,
1082 1816 1170 1860 Ventu-

129 1900 173 1928 ram
186 1882 244 1929 coefo
257 1883 354 1940 rabiem,
371 1884 462 1930 emend.
476 1886 563 1945 Dausq.
582 1899 626 1929 nors
638 1901 660 1928 u.
676 1900 696 1928 s.
714 1885 737 1928 irs
754 1885 824 1944 ι’ρςοε,
841 1885 966 1926 Venturam
982 1892 1086 1948 retroque
1098 1884 1170 1943 hem,

129 1955 185 2008 (uon
196 1964 278 1998 contra
291 1955 353 2013 ipsos
367 1965 488 1998 venturam
501 1951 578 2008 luein,
593 1951 634 1998 sed
649 1964 712 1997 retro
724 1963 804 1996 contra
818 1949 896 1996 hostes
910 1952 1006 2009 ituram)
1022 1953 1058 1998 vel
1074 1958 1096 1998 in
1112 1959 1170 2017 ipsos

132 2027 266 2078 Venturam,
283 2033 342 2070 retro
358 2028 390 2069 ire
403 2023 476 2078 luem,
489 2024 525 2070 vel
536 2025 607 2075 diem,
619 2023 688 2069 filiam
699 2024 772 2085 jovis,
786 2039 858 2084 quum
874 2025 923 2082 ipse
940 2024 1053 2085 Diespiter
1065 2025 1168 2084 dicatur,

129 2097 199 2143 Barth.
213 2097 271 2144 Adi.
281 2099 311 2152 V,
323 2098 350 2144 6:
363 2098 496 2142 Saeuiturom
508 2095 585 2143 oethroe
596 2096 692 2151 rubum,
705 2096 741 2141 sel
755 2098 881 2141 Venturam
893 2094 949 2141 horu·
961 2095 1032 2142 oetfira
1044 2097 1128 2144 rabiem
1140 2101 1169 2147 N.

128 2167 200 2214 licius.
217 2170 343 2213 Ventorum
355 2176 439 2211 restare
450 2168 508 2211 diem
520 2169 643 2213 Lirineius.
657 2190 689 2202 —
702 2166 756 2227 670.
774 2180 802 2210 ne
821 2164 858 2210 ed.
878 2167 942 2210 lunt.
958 2179 981 2211 et
998 2167 1046 2211 aliae
1062 2168 1116 2213 inde
1132 2185 1172 2214 ex-

127 2254 216 2300 pressae.
230 2265 263 2276 —
276 2240 330 2301 672.
344 2239 447 2294 futuisse,
463 2255 511 2285 nou
520 2242 634 2302 jacuisse,
646 2238 696 2284 Col.
713 2239 784 2282 locui
796 2240 859 2283 iovis
870 2238 931 2298 conj.
945 2239 973 2283 N.
988 2238 1066 2284 Heius.
1079 2241 1170 2300 inprob.

127 2309 224 2356 llruleu
237 2311 278 2371 qui
289 2309 337 2354 bac
349 2321 427 2355 notat:
443 2330 452 2348 ι
462 2310 540 2369 Quum
551 2308 664 2354 Hannibal
676 2324 699 2354 se
712 2310 828 2353 Romanos
840 2307 869 2351 ad
880 2309 1047 2368 Trasymenum
1059 2309 1134 2355 lacurn
1144 2327 1172 2357 se

128 2381 212 2427 faunus
225 2380 338 2425 devicisse
351 2379 473 2440 glorietur,
485 2382 582 2437 lovem,
595 2382 634 2442 qui
646 2395 686 2425 eos
699 2378 821 2431 tuebatur,
833 2392 876 2438 per
890 2379 987 2422 ironiam
1002 2381 1112 2425 Iuvr'ctum
1127 2398 1171 2427 vo-

127 2466 166 2497 cat.
178 2477 210 2487 -
219 2451 274 2513 675.
281 2450 388 2513 fulminis
399 2449 442 2496 ufir
455 2467 501 2496 uon
514 2450 572 2496 male
585 2451 723 2513 opinabatur
734 2451 763 2493 N.
780 2450 858 2493 lleins.
871 2447 894 2492 h.
909 2464 930 2493 e.
946 2448 1081 2497 fulminibus
1092 2452 1169 2509 alatis,

124 2514 150 2567 'ut
158 2524 182 2566 εἰ
191 2525 283 2584 Jupiter
292 2520 373 2566 attere
385 2519 449 2566 vulso
460 2520 568 2580 Pacificas
580 2519 644 2565 rubri
653 2522 752 2566 turss'sset
753 2517 859 2580 fulminis
868 2515 917 2562 aios
927 2534 965 2579 ap.
976 2519 1056 2565 Claud.
1068 2523 1094 2566 ll.
1106 2524 1170 2569 Pras.

127 2590 160 2647 ll,
170 2606 229 2652 ²²93
243 2590 275 2636 cf.
288 2602 336 2636 not.
348 2589 377 2634 ad
387 2591 454 2643 vul.
467 2589 522 2652 476.
535 2592 560 2635 P.
571 2592 715 2636 Burmannus
724 2587 835 2641 malebat,
846 2597 932 2652 pugnat
941 2605 983 2650 pro
995 2607 1025 2633 m.
1037 2593 1051 2633 ι’.
1064 2592 1090 2636 Si
1099 2602 1174 2637 rector

126 2661 246 2724 Superum,
262 2676 305 2706 cur
317 2663 380 2706 tactis
385 2659 485 2724 fulmine
498 2660 545 2705 telis
562 2661 623 2705 luter
637 2667 669 2704 tot
683 2668 755 2704 motus
768 2673 811 2703 cur
824 2673 872 2713 me,
885 2671 929 2703 etc.
943 2671 969 2704 ut
983 2654 1010 2705 ri
1020 2676 1064 2704 cur
1076 2675 1171 2723 repeta-

125 2740 171 2785 tur;
184 2731 358 2793 wisamarum,
371 2739 404 2776 tot
414 2733 477 2775 tortis
483 2729 583 2793 fiilmine
595 2729 656 2784 telis,
670 2730 732 2774 Inter
744 2735 775 2773 tot
787 2737 880 2784 morus,
893 2741 952 2785 etc,
965 2742 991 2775 ut
1000 2730 1093 2775 insultet
1104 2733 1171 2787 lovi,

127 2803 174 2863 qui,
186 2801 283 2846 fulmine
294 2804 358 2847 tactis
369 2802 439 2846 aruris
451 2812 474 2845 et
489 2800 552 2857 telis,
564 2800 675 2862 plurimus
689 2799 772 2844 milites
783 2800 806 2842 in
817 2811 902 2844 terram
914 2802 1075 2860 prostraverit,
1088 2803 1172 2846 llanui·

124 2870 197 2919 Mem
212 2886 270 2917 veru
283 2887 331 2917 uon
345 2871 464 2918 adflixerit.
478 2871 575 2933 Vulgata
592 2885 655 2918 certe
668 2872 748 2927 lectio,
758 2874 828 2934 jactis
835 2870 935 2933 falariae
952 2869 1013 2919 telis.
1031 2870 1130 2931 languet.

127 3053 166 3093 tas
187 3040 305 3092 bominis
327 3039 488 3090 luculentius
511 3052 536 3089 et
559 3041 626 3088 invi·
669 3055 763 3088 meuus
782 3036 856 3089 lucus
876 3039 903 3086 in
922 3035 1035 3087 Etruria.
1057 3063 1090 3076 -
1107 3037 1168 3107 675.

127 3118 227 3173 diosius
238 3118 401 3170 adumbrari.
417 3118 523 3169 Scilicet
542 3129 626 3168 artem
671 3117 744 3176 telis,·
758 3135 781 3166 v.
793 3116 827 3168 ud
840 3117 864 3182 l,
876 3115 939 3175 253,
955 3127 980 3165 et
993 3117 1043 3182 tx,
1054 3117 1114 3169 538.
1127 3121 1168 3172 Cf.

128 3218 197 3253 uuuc
219 3213 321 3273 poetae,
341 3218 395 3250 non
414 3201 454 3250 rei
471 3198 626 3271 dignitatem
672 3196 702 3246 V.
715 3197 743 3247 L.
754 3197 857 3266 -676.
868 3198 921 3247 Cur
932 3215 972 3246 me
985 3195 1036 3247 sibi
1048 3200 1170 3250 resisten-

129 3281 325 3352 exploramus.»
345 3279 456 3350 Egregie
471 3290 559 3328 autem
574 3279 627 3328 sin-
672 3288 723 3328 tem
741 3278 846 3346 Jupiter
860 3294 914 3326 non
932 3277 1035 3346 puniit?
1050 3297 1105 3330 nou
1122 3297 1171 3330 nu-

128 3358 488 3432 gularespondeutpersonae
495 3357 629 3428 partibus·
672 3373 732 3406 men
746 3375 808 3426 ergo
825 3374 897 3418 esse,
915 3355 958 3406 cui
976 3356 1048 3406 Pmni
1060 3356 1172 3426 cedant,

129 3440 334 3512 quellaunibuli
347 3458 363 3491 a
374 3453 455 3510 poeta
469 3436 625 3508 adsignatis.
672 3436 719 3490 sed
735 3449 875 3487 ventorum
892 3447 918 3487 et
934 3438 1098 3506 tempestatis
1114 3439 1172 3488 for-

127 3523 204 3574 couf.
217 3526 241 3587 l,
256 3521 290 3571 58
305 3518 370 3588 (ubi
382 3536 406 3568 v.
418 3517 492 3586 not.)
508 3529 534 3568 et
544 3516 624 3568 250...
671 3519 766 3568 tuitum
779 3534 885 3580 casum,
903 3528 993 3586 patet;
1011 3514 1075 3568 Cell.
1096 3517 1170 3569 Ordo

131 3602 188 3654 255.
202 3631 236 3640 -
249 3601 347 3658 Durat,·
359 3600 394 3649 cf.
408 3597 490 3659 adil,
502 3596 626 3663 4633st
670 3596 811 3648 verborum
828 3608 883 3646 est:
898 3595 927 3646 Si
944 3605 1025 3646 rector
1038 3597 1118 3668 Sap,
1135 3609 1172 3649 tot

130 3681 275 3751 308;Virg.
285 3679 342 3729 AEn.
353 3682 376 3744 l,
386 3676 531 3746 207,ubiv.
540 3674 627 3726 Gerda
664 3675 756 3746 jactis,
773 3692 854 3743 quum
867 3686 907 3724 tot
920 3673 1042 3726 homines
1058 3674 1171 3746 dejecit,

130 3773 156 3813 ιε
167 3761 266 3832 Bryne„
665 3751 784 3823 fufmine
793 3764 898 3825 pugnat
908 3772 957 3825 pru
968 3755 1105 3822 moenibus,
1126 3777 1173 3809 cur

164 3840 224 3908 672.
238 3839 334 3890 Inuicti
344 3834 490 3898 Jovis,·vid.
500 3835 626 3905 Duering.
673 3851 713 3883 me
731 3842 821 3882 contra
838 3833 931 3884 lovum
950 3852 1024 3884 arma
1039 3835 1170 3904 ferentem

131 3918 232 3972 athat.
245 3919 294 3985 64,
305 3918 406 3982 aod—-
417 3926 627 3979 siemereustra·
672 3911 801 3988 adflixisse
818 3912 887 3976 telis,
910 3913 1079 3981 fulminibus,
1099 3920 1173 3988 piget

128 4003 208 4052 risset
220 4018 256 4050 sc.
268 3998 385 4048 bostium
396 3994 582 4046 cadaveribus.
673 3995 742 4044 inter
757 4003 794 4042 tot
812 4003 908 4059 motus,
926 3994 952 4042 in
969 4005 1042 4045 tauta
1057 4007 1171 4065 tempes-

164 4079 217 4148 673
229 4095 285 4147 seq.
306 4075 407 4126 AEtoios
422 4091 540 4145 campos,
558 4086 587 4123 ut
604 4073 629 4135 l,
675 4085 729 4123 tate
739 4085 764 4123 et
773 4070 865 4125 clade?
874 4072 925 4124 Sed
936 4076 1083 4144 prostiterit
1094 4077 1173 4126 iuter·

132 4157 188 4211 nt.
202 4187 238 4199 -·
251 4155 385 4226 Tyrrhena
402 4154 515 4225 Stagna,
532 4153 630 4223 'frasy-
674 4165 766 4224 punct.
783 4152 886 4222 vulgari
902 4168 1003 4205 servata
1019 4154 1106 4226 legere
1112 4155 1172 4226 suf·
