2624 4808
133 390 169 435 12
448 375 483 438 C.
508 374 633 441 SlLll
658 374 855 440 lTALlCl

125 509 257 575 Lustrat
270 514 365 600 inops
378 515 493 593 animi,
506 515 711 602 rimaturque
724 516 833 579 omnia
847 515 971 580 circum

125 616 210 681 Alite
224 637 336 684 vectus
350 644 452 710 equo,
465 644 646 710 rursusque
659 621 844 687 hortatibus
857 620 930 685 infit

125 721 277 788 Laudum
290 726 412 814 agitare
425 750 520 792 suos:
540 757 551 785 ιι
566 730 627 790 Pro
643 729 697 805 Di,
711 728 769 816 qui
783 728 958 805 terminus,
971 728 1093 816 inquit,
1173 798 1176 805 Ι

125 829 210 892 Ante
225 831 322 895 urbes
336 832 442 897 standi
456 834 583 909 Graias,
598 831 700 897 oblite
714 850 847 896 tuorum

126 934 299 999 Factorum
313 938 427 1003 miles?
439 941 512 1026 quis
526 939 587 1001 erit
600 935 738 1001 modus?
750 938 888 1025 Alpibus
901 938 1009 1004 adstat
1147 965 1176 1010 7⁰

125 1038 289 1105 Nimirum
302 1044 406 1132 major
418 1044 538 1120 moles,
549 1060 585 1107 et
598 1041 754 1109 scandere
768 1045 886 1109 caelum

126 1145 297 1212 Pulsantes
304 1148 409 1238 jubeo
422 1150 576 1237 scopulos
589 1173 595 1211 :
610 1172 811 1238 quamquam
824 1151 926 1214 altera
940 1148 1038 1215 detur

126 1250 159 1314 Si
172 1252 285 1316 similis
298 1253 409 1328 tellus,
423 1252 562 1343 aliaeque
575 1270 714 1342 repente
727 1255 789 1319 sub
802 1273 886 1320 astra

125 1359 310 1448 Exsurgant
322 1386 436 1450 rupes,
450 1385 518 1425 non
532 1362 609 1441 ibis,
624 1378 656 1425 et
668 1360 792 1426 arduus
804 1386 893 1426 arma

127 1466 184 1528 Me
197 1464 341 1533 ducente
355 1468 459 1534 feres?
471 1471 580 1546 Tene,
594 1468 675 1532 heu!
689 1471 856 1533 Cumanus
870 1465 1016 1533 hiantem
1150 1486 1178 1546 75

127 1662 167 1722 qui
184 1661 352 1728 huncquoque
369 1669 583 1729 interpretationem
599 1668 706 1721 adscivit,
722 1679 745 1713 et
762 1666 869 1714 cumdem
888 1666 984 1713 contulit
1000 1666 1089 1713 Pbaedri
1101 1663 1181 1712 lotum

124 1726 184 1776 rab.
203 1736 242 1791 tv,
259 1753 293 1797 ¹7·
312 1737 354 1794 31,
372 1755 416 1786 uon
431 1748 481 1785 ueto
496 1739 589 1793 dimitti,
606 1754 683 1784 uerum
700 1737 882 1800 cruciarifume,
899 1738 984 1784 seilicet
997 1737 1079 1798 jubeo.
1096 1737 1181 1800 Neque

127 1803 195 1848 etiam
208 1805 290 1863 ignoro
302 1806 337 1852 vel
352 1807 467 1863 diffiteor,
481 1825 496 1854 a
509 1809 660 1870 scriptoribus
673 1819 720 1854 tam
735 1810 819 1854 Grecis
833 1823 902 1870 quem
915 1809 1000 1852 latinis
1012 1823 1073 1868 saepe
1087 1806 1181 1852 duobus

126 1871 259 1933 pluribusve
269 1880 377 1925 membris
388 1895 461 1926 unum
470 1882 536 1942 jungi
545 1879 657 1934 verbum,
670 1881 737 1941 cuju-s
747 1879 828 1941 plenus
838 1879 977 1940 significatus
986 1879 1015 1924 sd
1027 1893 1099 1924 unum
1108 1877 1182 1924 modo

127 1948 258 1994 membrum
270 1951 352 1997 referri
363 1957 448 2015 possit:
462 1952 563 1999 sedtum
576 1970 604 2005 cx
615 1952 660 1999 hoc
672 1953 744 1997 verbo
757 1951 870 2013 generalis
882 1952 919 1997 rel
930 1963 1028 2012 cognata
1039 1952 1117 2004 notio,
1133 1966 1183 1996 non

128 2034 184 2064 vero
195 2027 323 2077 contraris,
336 2026 436 2087 petenda
447 2024 507 2072 etad
520 2025 609 2087 reliqua
623 2025 726 2070 membra
738 2023 897 2069 transferenda
913 2037 959 2079 est,
972 2025 1014 2069 nisi
1026 2022 1075 2069 hac
1085 2023 1184 2069 durities

127 2087 210 2134 additis
220 2106 285 2138 rocc.
296 2109 387 2151 iterum,
397 2096 469 2141 sedet
478 2094 588 2140 similibus
598 2096 726 2156 mitigetur,
737 2107 762 2140 ut
773 2109 809 2154 ap.
823 2093 913 2138 Pbaedr.
924 2093 939 2138 Ι.
950 2093 965 2138 Ι,
976 2092 1013 2138 vel
1022 2110 1059 2154 sp.
1072 2096 1121 2139 Lis.
1135 2093 1182 2148 lll,

130 2155 171 2210 55,
190 2171 271 2223 nepam
282 2177 418 2227 qrsemqnam
428 2174 597 2210 sacrosanctum
609 2179 670 2217 esse,
683 2165 723 2209 sed
733 2180 797 2219 eum,
808 2166 935 2226 quitatum
947 2167 1054 2227 cuiquam
1067 2165 1183 2217 nocuerit,

128 2242 219 2274 sucrum
230 2237 330 2289 sunet're;
342 2236 404 2280 conl.
421 2238 469 2281 Liv.
483 2237 528 2290 Ill,
544 2235 587 2291 48,
600 2251 636 2296 pr.
651 2235 727 2288 llllll,
744 2249 783 2287 rs;
797 2235 845 2279 Cic.
859 2233 887 2278 ad
899 2236 949 2279 Diu.
959 2235 1025 2289 Vlll,
1042 2249 1069 2280 to
1080 2235 1122 2292 (de
1136 2250 1183 2297 quo

127 2310 212 2362 ηψπ
223 2303 334 2351 Caesurem
347 2305 462 2362 laborum,
479 2307 520 2352 sed
535 2310 665 2369 Pompeium
682 2305 747 2351 uelde
762 2303 834 2363 nolle)
850 2307 934 2350 Vetere
950 2318 985 2351 est
1000 2306 1030 2351 id.
1048 2304 1087 2367 qd.
1100 2304 1185 2366 jubere

129 2384 187 2425 mn,
200 2385 223 2418 et
235 2390 317 2437 nequire
328 2378 358 2424 id.
370 2378 410 2441 qd.
423 2379 496 2423 dicere
507 2394 565 2431 uon,
579 2392 652 2439 eaque
666 2378 731 2422 notio
744 2375 856 2436 generalis
868 2374 906 2421 vel
917 2392 970 2437 pars
982 2387 1070 2421 tanturn
1082 2374 1144 2436 pleni
1156 2377 1186 2420 si·

130 2442 250 2500 guillemus
262 2447 292 2490 ud
302 2447 400 2493 alterum
412 2450 542 2494 membrum
552 2447 690 2494 referenda:
704 2460 727 2494 at
737 2459 786 2493 tum
798 2462 890 2509 semper
899 2446 995 2506 adjectis
1006 2444 1068 2504 conj.
1079 2447 1133 2499 sed,
1146 2461 1186 2490 ue-

130 2526 181 2554 rum
190 2511 218 2556 al.
230 2519 344 2562 contraria
355 2518 489 2579 designatur
500 2519 625 2572 sementim
638 2516 700 2563 coni.
712 2533 763 2578 sup.
776 2515 806 2562 sd
815 2517 860 2572 Vl,
877 2531 931 2578 179;
942 2515 1018 2560 Faber
1027 2527 1050 2559 et
1061 2517 1141 2561 Burm.
1154 2515 1186 2560 sd

129 2579 219 2628 Plraedr.
231 2585 247 2630 Ι.
259 2605 279 2633 c.
291 2592 363 2634 Gron.
379 2591 446 2635 Obss.
457 2592 497 2645 lV,
510 2607 536 2642 s;
549 2591 639 2634 Manut.
652 2589 681 2634 ad
697 2591 745 2634 Cic.
756 2603 800 2649 pro
809 2590 904 2647 Quintio
915 2605 935 2633 c.
951 2589 992 2642 26,
1004 2600 1025 2633 et
1038 2587 1067 2631 ad
1077 2589 1129 2631 Diu.
1142 2589 1184 2644 lv,

130 2653 157 2707 5;
169 2658 230 2703 lanii
241 2661 267 2704 A.
281 2662 305 2705 P.
319 2678 342 2722 p.
356 2678 414 2723 270,
427 2675 449 2708 et
461 2664 520 2724 inps.
532 2661 618 2707 Stroth.
629 2662 659 2707 ad
671 2662 719 2705 Lis.
734 2661 781 2714 lll,
794 2659 837 2715 48,
849 2662 877 2706 55
888 2674 911 2705 et
923 2660 962 2721 67,
975 2660 1015 2705 ubi
1026 2659 1097 2705 multa
1108 2675 1186 2705 exem·

129 2726 180 2787 pls,
190 2745 264 2791 quum
273 2734 352 2780 Graeca
363 2745 411 2779 tum
422 2734 502 2790 latina,
513 2735 635 2795 congessit.
647 2735 729 2795 Neque
740 2745 816 2777 tamen
827 2734 849 2778 in
859 2731 952 2792 vulgata
965 2733 1065 2778 lectione
1077 2733 1189 2793 adquies-

131 2816 168 2846 co.
181 2803 251 2849 Poeta
261 2805 323 2851 sorte
332 2810 421 2869 scripsit
433 2811 558 2869 iterumque
569 2821 648 2851 nocere
659 2804 746 2858 Portis,
758 2804 843 2851 scilicet
852 2803 966 2865 pulsando
977 2819 1000 2850 et
1009 2804 1149 2866 quatiendo,
1160 2819 1189 2852 ut

36 2941 38 2945 γ
132 2888 183 2935 sup.
197 2892 218 2919 v.
232 2876 275 2932 Ao,
288 2878 324 2924 rel
336 2881 417 2925 iterum
427 2895 536 2945 quassare
550 2880 642 2934 Portus,
655 2876 705 2933 vel,
718 2876 783 2940 quod
796 2876 831 2921 liis
843 2878 973 2938 praestiterit
985 2877 1096 2939 quodque
1108 2879 1187 2923 minus

131 2957 143 2986 a
158 2943 249 3004 vulgata
261 2949 374 3012 scriptura
387 2950 487 3003 recedit,
500 2952 625 3012 iterumque
630 2946 705 3010 ferire
718 2949 810 3001 Portus,
824 2945 847 2990 h.
861 2961 881 2990 e.
895 2944 1000 3005 pulsare,
1014 2957 1125 3005 quatere,
1140 2946 1185 3003 (cl.

132 3028 183 3072 sup.
197 3030 219 3057 v·
229 3013 274 3073 do)
287 3017 390 3079 utferr're
399 3036 490 3065 murum
501 3018 609 3064 metibus
620 3033 657 3079 sp.
669 3017 758 3063 Sallust.
770 3019 823 3077 lug.
836 3016 865 3077 76
877 3014 906 3060 al.
919 3029 960 3075 79,
974 3029 996 3060 et
1008 3015 1090 3059 similia
1099 3019 1188 3076 pressim

131 3078 207 3126 obvia.
220 3109 250 3118 -
264 3087 301 3133 66.
318 3091 457 3152 rirnuturque
474 3091 564 3150 seripti;
578 3092 674 3133 ruuutur
689 3090 764 3133 omnia
780 3089 861 3148 priscae
878 3084 931 3129 cdd.
950 3101 1030 3130 errore
1043 3100 1187 3146 operarum,

133 3152 194 3197 unde
207 3157 334 3215 Nicunder,
347 3174 372 3205 ut
381 3161 494 3208 laboranti
505 3163 580 3207 versui
593 3161 740 3216 mederetur,
753 3160 841 3220 peintus
851 3161 948 3202 rimatur
956 3167 977 3202 et
990 3161 1065 3202 omniu
1077 3158 1151 3203 edidit
1161 3161 1188 3205 in

132 3222 240 3282 lentina,
252 3240 274 3273 et
285 3230 338 3275 iude
350 3232 395 3278 alii.
406 3258 437 3267 -
445 3232 483 3279 68.
496 3236 536 3296 qui
546 3232 630 3292 legitur
641 3233 664 3275 in
675 3231 748 3274 Oson.
763 3241 785 3273 et
795 3230 873 3289 priscis
884 3227 938 3273 edd.
951 3243 1008 3289 quas
1019 3227 1089 3272 lirul.
1103 3244 1190 3274 consu-

133 3291 185 3350 luit,
198 3297 259 3343 forte
274 3313 296 3345 et
308 3304 331 3347 in
347 3302 396 3348 :iliis
409 3303 473 3349 libris
487 3316 510 3349 et
521 3305 612 3364 scriptis
626 3313 650 3346 et
664 3299 741 3354 editis,
756 3314 857 3360 quorum
871 3299 975 3345 lectionis
986 3300 1121 3344 varietatem
1134 3299 1158 3344 h.
1171 3299 1187 3347 l.

132 3380 179 3410 non
197 3367 319 3416 adtentisse
336 3374 427 3419 videtur
443 3375 472 3418 N.
491 3375 568 3420 lleius.
587 3374 638 3435 quis
652 3372 755 3433 primum
769 3382 841 3415 exstat
857 3372 880 3412 in
892 3371 955 3414 tuns.
968 3371 1015 3428 Ego
1030 3370 1122 3414 restitui
1134 3374 1188 3432 qui,

133 3446 181 3479 turn
195 3437 227 3482 ob
238 3444 398 3489 auctoritatem
416 3443 484 3489 codd.
498 3456 548 3488 tum
563 3454 659 3504 propter
671 3457 710 3496 ca,
727 3456 778 3502 qum
795 3440 839 3484 diri
857 3439 886 3484 ml
902 3441 936 3493 ll,
954 3438 1007 3495 ⁶45.
1017 3464 1048 3474 —
1064 3440 1100 3500 75.
1119 3448 1185 3494 tenc,

138 3596 186 3663 65,
203 3600 256 3651 vid.
270 3603 415 3655 Var.Leet.
428 3635 463 3644 —-
475 3605 517 3675 09.
529 3604 635 3663 Standi,
681 3602 758 3653 vobis
781 3604 890 3673 injungo
912 3602 999 3652 oneris
1022 3617 1075 3649 non
1097 3602 1188 3652 minus

140 3698 163 3729 v.
178 3681 220 3745 lt.
230 3682 316 3752 —69.
328 3686 400 3736 urbes
414 3686 519 3747 Graius,
532 3704 557 3735 v.
572 3683 637 3736 ibid.
683 3701 763 3754 grave
783 3694 837 3744 est,
853 3700 932 3752 quam
947 3678 1020 3751 quod
1033 3679 1097 3729 olim
1108 3679 1188 3732 tulis·

174 3763 639 3835 posq.Acerbeetu'psme'robjur·
684 3765 734 3829 tis,
756 3781 838 3833 quum
861 3760 1023 3813 scanderetis
1048 3759 1138 3829 Alpes.
1153 3791 1188 3802 -

138 3853 183 3911 gat
198 3841 308 3907 milites,
324 3846 427 3895 minora
442 3844 561 3916 pericula
577 3863 640 3913 per·
684 3842 800 3914 scopulos
817 3843 949 3913 pulsantes
967 3841 1074 3904 celum,
1095 3838 1187 3911 Alpes.

140 3925 319 3988 timescentes,
333 3927 464 3996 superatis
479 3925 639 3995 majoribus,
684 3925 725 3975 Cl'.
738 3922 771 3974 ad
783 3923 831 3985 Xl,
848 3924 896 3974 136
907 3935 932 3973 ct
946 3937 1006 3988 ²¹7·

174 4019 216 4071 7¹·
229 4005 574 4071 Nimirum‚utul.scilicet,·
585 4004 639 4055 vid.
720 4000 763 4070 75.
779 4002 913 4066 hiantem,
926 4002 1100 4064 oscitantem,
1116 3998 1144 4050 h.
1163 4019 1187 4051 e.

142 4082 174 4134 :ul
187 4088 218 4148 V,
235 4086 565 4153 114.-scaudereeclum
578 4084 642 4136 Pul·
684 4083 810 4153 ignarum
821 4083 864 4151 (v.
876 4080 910 4132 ad
922 4080 972 4143 XI,
985 4078 1050 4149 35):
1065 4077 1111 4130 sed
1121 4098 1190 4149 pra·-

140 4176 221 4215 <autes
226 4165 306 4235 jubeo
324 4164 454 4237 scopulos,
475 4165 549 4238 quod
569 4183 639 4217 nune
686 4163 796 4227 stiterit,
812 4162 922 4234 opinor,
935 4160 1053 4214 hiantem
1066 4178 1121 4230 prae
1134 4173 1191 4213 stu·
