<?xml version="1.0" encoding="UTF-8"?>
<!DOCTYPE html PUBLIC "-//W3C//DTD XHTML 1.0 Transitional//EN"
    "http://www.w3.org/TR/xhtml1/DTD/xhtml1-transitional.dtd">
<html xmlns="http://www.w3.org/1999/xhtml" xml:lang="en" lang="en">
 <head>
  <title>
</title>
<meta http-equiv="Content-Type" content="text/html;charset=utf-8" />
  <meta name='ocr-system' content='tesseract 3.04.00' />
  <meta name='ocr-capabilities' content='ocr_page ocr_carea ocr_par ocr_line ocrx_word'/>
</head>
<body>
  <div class='ocr_page' id='page_1' title='image "bibliothecaclas01lemagoog_0065.png"; bbox 0 0 2624 4808; ppageno 0'>
   <div class='ocr_carea' id='block_1_1' title="bbox 202 331 936 414">
    <p class='ocr_par' dir='ltr' id='par_1_1' title="bbox 202 331 936 414">
     <span class='ocr_line' id='line_1_1' title="bbox 202 331 936 414; baseline -0.001 -17"><span class='ocrx_word' id='word_1_1' title='bbox 202 334 244 414; x_wconf 73' lang='grc'><strong>48</strong></span> <span class='ocrx_word' id='word_1_2' title='bbox 521 331 936 397; x_wconf 78' lang='lat' dir='ltr'><strong>c.StL111Ttntct</strong></span> 
     </span>
    </p>
   </div>
   <div class='ocr_carea' id='block_1_2' title="bbox 201 469 1265 1738">
    <p class='ocr_par' dir='ltr' id='par_1_2' title="bbox 201 469 1096 776">
     <span class='ocr_line' id='line_1_2' title="bbox 202 469 1096 562; baseline 0.006 -26"><span class='ocrx_word' id='word_1_3' title='bbox 202 470 427 559; x_wconf 89' lang='lat' dir='ltr'><strong>Conloquium</strong></span> <span class='ocrx_word' id='word_1_4' title='bbox 441 486 474 533; x_wconf 91' lang='lat' dir='ltr'><strong>et</strong></span> <span class='ocrx_word' id='word_1_5' title='bbox 486 471 645 558; x_wconf 90' lang='lat' dir='ltr'><strong>promissa</strong></span> <span class='ocrx_word' id='word_1_6' title='bbox 658 472 743 560; x_wconf 90' lang='lat' dir='ltr'><strong>petit</strong></span> <span class='ocrx_word' id='word_1_7' title='bbox 755 469 837 534; x_wconf 93' lang='lat' dir='ltr'><strong>dum</strong></span> <span class='ocrx_word' id='word_1_8' title='bbox 849 471 977 562; x_wconf 86' lang='lat' dir='ltr'><strong>perfida</strong></span> <span class='ocrx_word' id='word_1_9' title='bbox 989 478 1096 562; x_wconf 78' lang='lat' dir='ltr'><strong>gentis</strong></span> 
     </span>
     <span class='ocr_line' id='line_1_3' title="bbox 203 576 997 660; baseline -0.001 -15"><span class='ocrx_word' id='word_1_10' title='bbox 203 582 360 657; x_wconf 82' lang='lat' dir='ltr'><strong>Lucanae,</strong></span> <span class='ocrx_word' id='word_1_11' title='bbox 374 576 556 656; x_wconf 85' lang='lat' dir='ltr'>Gracchus,</span> <span class='ocrx_word' id='word_1_12' title='bbox 570 601 658 643; x_wconf 89' lang='lat' dir='ltr'><strong>caeco</strong></span> <span class='ocrx_word' id='word_1_13' title='bbox 672 578 895 645; x_wconf 88' lang='lat' dir='ltr'><strong>circumdatus</strong></span> <span class='ocrx_word' id='word_1_14' title='bbox 907 596 997 660; x_wconf 90' lang='lat' dir='ltr'><strong>astu,</strong></span> 
     </span>
     <span class='ocr_line' id='line_1_4' title="bbox 201 684 1066 776; baseline 0 -22"><span class='ocrx_word' id='word_1_15' title='bbox 201 685 392 764; x_wconf 81' lang='lat' dir='ltr'>Occiderat,</span> <span class='ocrx_word' id='word_1_16' title='bbox 405 684 607 774; x_wconf 84' lang='lat' dir='ltr'><strong>laudemque</strong></span> <span class='ocrx_word' id='word_1_17' title='bbox 620 684 720 775; x_wconf 80' lang='lat' dir='ltr'><strong>Libys</strong></span> <span class='ocrx_word' id='word_1_18' title='bbox 732 687 882 776; x_wconf 87' lang='lat' dir='ltr'><strong>rapiebat</strong></span> <span class='ocrx_word' id='word_1_19' title='bbox 894 686 1066 754; x_wconf 90' lang='lat' dir='ltr'><strong>humandi.</strong></span> 
     </span>
    </p>

    <p class='ocr_par' dir='ltr' id='par_1_3' title="bbox 202 790 1265 1198">
     <span class='ocr_line' id='line_1_5' title="bbox 246 790 1107 875; baseline 0.001 -17"><span class='ocrx_word' id='word_1_20' title='bbox 246 791 310 860; x_wconf 88' lang='lat' dir='ltr'><strong>Sed</strong></span> <span class='ocrx_word' id='word_1_21' title='bbox 325 815 406 870; x_wconf 92' lang='lat' dir='ltr'><strong>non,</strong></span> <span class='ocrx_word' id='word_1_22' title='bbox 420 807 457 854; x_wconf 91' lang='lat' dir='ltr'><strong>ut</strong></span> <span class='ocrx_word' id='word_1_23' title='bbox 469 792 589 855; x_wconf 84' lang='lat' dir='ltr'><strong>scitum</strong></span> <span class='ocrx_word' id='word_1_24' title='bbox 601 790 748 856; x_wconf 84' lang='lat' dir='ltr'><strong>celerare</strong></span> <span class='ocrx_word' id='word_1_25' title='bbox 759 790 801 856; x_wconf 89' lang='lat' dir='ltr'><strong>ad</strong></span> <span class='ocrx_word' id='word_1_26' title='bbox 814 796 937 857; x_wconf 88' lang='lat' dir='ltr'><strong>moenia</strong></span> <span class='ocrx_word' id='word_1_27' title='bbox 950 795 1107 875; x_wconf 88' lang='lat' dir='ltr'><strong>Poenum,</strong></span> 
     </span>
     <span class='ocr_line' id='line_1_6' title="bbox 202 897 1265 990; baseline 0.002 -25"><span class='ocrx_word' id='word_1_28' title='bbox 202 898 360 966; x_wconf 80' lang='lat' dir='ltr'><strong>Adstabat</strong></span> <span class='ocrx_word' id='word_1_29' title='bbox 372 921 424 962; x_wconf 86' lang='lat' dir='ltr'><strong>res</strong></span> <span class='ocrx_word' id='word_1_30' title='bbox 437 897 504 962; x_wconf 89' lang='lat' dir='ltr'><strong>ulla</strong></span> <span class='ocrx_word' id='word_1_31' title='bbox 516 897 601 962; x_wconf 89' lang='lat' dir='ltr'><strong>loco.</strong></span> <span class='ocrx_word' id='word_1_32' title='bbox 615 899 689 961; x_wconf 85' lang='lat' dir='ltr'><strong>Jam</strong></span> <span class='ocrx_word' id='word_1_33' title='bbox 701 898 819 962; x_wconf 81' lang='lat' dir='ltr'><strong>consul</strong></span> <span class='ocrx_word' id='word_1_34' title='bbox 831 916 974 990; x_wconf 86' lang='lat' dir='ltr'><strong>uterque</strong></span> <span class='ocrx_word' id='word_1_35' title='bbox 1213 918 1265 975; x_wconf 80' lang='lat' dir='ltr'><strong>tto</strong></span> 
     </span>
     <span class='ocr_line' id='line_1_7' title="bbox 202 1004 1007 1097; baseline 0.001 -25"><span class='ocrx_word' id='word_1_36' title='bbox 202 1008 389 1096; x_wconf 77' lang='lat' dir='ltr'><strong>Praecipites</strong></span> <span class='ocrx_word' id='word_1_37' title='bbox 401 1004 556 1083; x_wconf 73' lang='lat' dir='ltr'><strong>aderant,</strong></span> <span class='ocrx_word' id='word_1_38' title='bbox 569 1004 654 1069; x_wconf 79' lang='lat' dir='ltr'><strong>Nola</strong></span> <span class='ocrx_word' id='word_1_39' title='bbox 666 1005 715 1069; x_wconf 87' lang='lat' dir='ltr'><strong>vis</strong></span> <span class='ocrx_word' id='word_1_40' title='bbox 728 1006 851 1085; x_wconf 87' lang='lat' dir='ltr'><strong>omnis,</strong></span> <span class='ocrx_word' id='word_1_41' title='bbox 865 1025 899 1071; x_wconf 86' lang='lat' dir='ltr'><strong>et</strong></span> <span class='ocrx_word' id='word_1_42' title='bbox 910 1009 1007 1097; x_wconf 79' lang='lat' dir='ltr'><strong>Arpis</strong></span> 
     </span>
     <span class='ocr_line' id='line_1_8' title="bbox 202 1111 954 1198; baseline -0.001 -19"><span class='ocrx_word' id='word_1_43' title='bbox 202 1117 272 1179; x_wconf 83' lang='lat' dir='ltr'><strong>AEvi</strong></span> <span class='ocrx_word' id='word_1_44' title='bbox 285 1113 435 1179; x_wconf 87' lang='lat' dir='ltr'><strong>floridior</strong></span> <span class='ocrx_word' id='word_1_45' title='bbox 447 1111 568 1175; x_wconf 81' lang='lat' dir='ltr'>Fabius</span> <span class='ocrx_word' id='word_1_46' title='bbox 581 1111 696 1198; x_wconf 88' lang='lat' dir='ltr'><strong>rapida</strong></span> <span class='ocrx_word' id='word_1_47' title='bbox 707 1134 799 1176; x_wconf 91' lang='lat' dir='ltr'><strong>arma</strong></span> <span class='ocrx_word' id='word_1_48' title='bbox 813 1113 954 1195; x_wconf 86' lang='lat' dir='ltr'><strong>ferebat;</strong></span> 
     </span>
    </p>

    <p class='ocr_par' dir='ltr' id='par_1_4' title="bbox 202 1219 1088 1417">
     <span class='ocr_line' id='line_1_9' title="bbox 202 1219 1088 1314; baseline 0.003 -28"><span class='ocrx_word' id='word_1_49' title='bbox 202 1224 289 1287; x_wconf 88' lang='lat' dir='ltr'><strong>Hinc</strong></span> <span class='ocrx_word' id='word_1_50' title='bbox 301 1224 405 1300; x_wconf 82' lang='lat' dir='ltr'><strong>Nero,</strong></span> <span class='ocrx_word' id='word_1_51' title='bbox 419 1237 452 1284; x_wconf 90' lang='lat' dir='ltr'><strong>et</strong></span> <span class='ocrx_word' id='word_1_52' title='bbox 464 1219 543 1283; x_wconf 89' lang='lat' dir='ltr'><strong>hine</strong></span> <span class='ocrx_word' id='word_1_53' title='bbox 556 1219 699 1284; x_wconf 80' lang='lat' dir='ltr'><strong>volucris</strong></span> <span class='ocrx_word' id='word_1_54' title='bbox 711 1220 840 1285; x_wconf 86' lang='lat' dir='ltr'>Silanus</span> <span class='ocrx_word' id='word_1_55' title='bbox 853 1238 952 1287; x_wconf 85' lang='lat' dir='ltr'><strong>nocte</strong></span> <span class='ocrx_word' id='word_1_56' title='bbox 965 1221 1088 1314; x_wconf 80' lang='lat' dir='ltr'><strong>dieque</strong></span> 
     </span>
     <span class='ocr_line' id='line_1_10' title="bbox 202 1326 1023 1417; baseline 0 -22"><span class='ocrx_word' id='word_1_57' title='bbox 202 1329 388 1417; x_wconf 85' lang='lat' dir='ltr'><strong>lnpeiiebat</strong></span> <span class='ocrx_word' id='word_1_58' title='bbox 400 1350 500 1416; x_wconf 79' lang='lat' dir='ltr'><strong>agens</strong></span> <span class='ocrx_word' id='word_1_59' title='bbox 513 1343 690 1416; x_wconf 89' lang='lat' dir='ltr'><strong>properata</strong></span> <span class='ocrx_word' id='word_1_60' title='bbox 701 1327 744 1392; x_wconf 92' lang='lat' dir='ltr'><strong>ad</strong></span> <span class='ocrx_word' id='word_1_61' title='bbox 757 1326 845 1392; x_wconf 86' lang='lat' dir='ltr'><strong>heila</strong></span> <span class='ocrx_word' id='word_1_62' title='bbox 857 1329 1023 1398; x_wconf 83' lang='lat' dir='ltr'><strong>cohortes.</strong></span> 
     </span>
    </p>

    <p class='ocr_par' dir='ltr' id='par_1_5' title="bbox 201 1434 1265 1631">
     <span class='ocr_line' id='line_1_11' title="bbox 201 1434 1265 1524; baseline -0.002 -22"><span class='ocrx_word' id='word_1_63' title='bbox 201 1436 360 1524; x_wconf 89' lang='lat' dir='ltr'>Undique</span> <span class='ocrx_word' id='word_1_64' title='bbox 373 1435 594 1510; x_wconf 89' lang='lat' dir='ltr'><strong>conveniunt,</strong></span> <span class='ocrx_word' id='word_1_65' title='bbox 607 1435 800 1524; x_wconf 86' lang='lat' dir='ltr'>pariterque</span> <span class='ocrx_word' id='word_1_66' title='bbox 814 1434 985 1524; x_wconf 84' lang='lat' dir='ltr'>obponere</span> <span class='ocrx_word' id='word_1_67' title='bbox 998 1455 1136 1506; x_wconf 81' lang='lat' dir='ltr'><strong>cunctos</strong></span> <span class='ocrx_word' id='word_1_68' title='bbox 1215 1452 1265 1510; x_wconf 74' lang='lat' dir='ltr'><strong>its</strong></span> 
     </span>
     <span class='ocr_line' id='line_1_12' title="bbox 204 1539 923 1631; baseline -0.003 -23"><span class='ocrx_word' id='word_1_69' title='bbox 204 1545 268 1608; x_wconf 90' lang='lat' dir='ltr'><strong>Uni</strong></span> <span class='ocrx_word' id='word_1_70' title='bbox 281 1542 435 1607; x_wconf 86' lang='lat' dir='ltr'><strong>ductores</strong></span> <span class='ocrx_word' id='word_1_71' title='bbox 443 1541 560 1631; x_wconf 84' lang='lat' dir='ltr'><strong>juveni</strong></span> <span class='ocrx_word' id='word_1_72' title='bbox 574 1540 692 1630; x_wconf 85' lang='lat' dir='ltr'><strong>piacet.</strong></span> <span class='ocrx_word' id='word_1_73' title='bbox 706 1539 839 1607; x_wconf 77' lang='lat' dir='ltr'>Arduus</span> <span class='ocrx_word' id='word_1_74' title='bbox 852 1543 923 1631; x_wconf 85' lang='lat' dir='ltr'><strong>ipse</strong></span> 
     </span>
    </p>

    <p class='ocr_par' dir='ltr' id='par_1_6' title="bbox 201 1647 973 1738">
     <span class='ocr_line' id='line_1_13' title="bbox 201 1647 973 1738; baseline -0.004 -22"><span class='ocrx_word' id='word_1_75' title='bbox 201 1651 311 1716; x_wconf 83' lang='lat' dir='ltr'>Tifata</span> <span class='ocrx_word' id='word_1_76' title='bbox 324 1648 452 1727; x_wconf 83' lang='lat' dir='ltr'><strong>insidit,</strong></span> <span class='ocrx_word' id='word_1_77' title='bbox 466 1647 605 1738; x_wconf 84' lang='lat' dir='ltr'><strong>propior</strong></span> <span class='ocrx_word' id='word_1_78' title='bbox 616 1670 682 1738; x_wconf 92' lang='lat' dir='ltr'><strong>qua</strong></span> <span class='ocrx_word' id='word_1_79' title='bbox 695 1647 862 1714; x_wconf 81' lang='lat' dir='ltr'><strong>moenihus</strong></span> <span class='ocrx_word' id='word_1_80' title='bbox 874 1648 973 1713; x_wconf 89' lang='lat' dir='ltr'><strong>instat</strong></span> 
     </span>
    </p>
   </div>
   <div class='ocr_carea' id='block_1_3' title="bbox 191 1854 1266 3060">
    <p class='ocr_par' dir='ltr' id='par_1_7' title="bbox 191 1854 1266 3060">
     <span class='ocr_line' id='line_1_14' title="bbox 200 1854 1264 1921; baseline -0.001 -17"><span class='ocrx_word' id='word_1_81' title='bbox 200 1870 252 1904; x_wconf 76' lang='lat' dir='ltr'><strong>eet:</strong></span> <span class='ocrx_word' id='word_1_82' title='bbox 266 1855 384 1904; x_wconf 72' lang='lat' dir='ltr'><strong>Gracchus</strong></span> <span class='ocrx_word' id='word_1_83' title='bbox 401 1858 462 1901; x_wconf 84' lang='lat' dir='ltr'><strong>enirn</strong></span> <span class='ocrx_word' id='word_1_84' title='bbox 476 1872 523 1901; x_wconf 87' lang='lat' dir='ltr'><strong>non</strong></span> <span class='ocrx_word' id='word_1_85' title='bbox 537 1855 567 1902; x_wconf 81' lang='lat' dir='ltr'><strong>ab</strong></span> <span class='ocrx_word' id='word_1_86' title='bbox 579 1854 671 1919; x_wconf 68' lang='lat' dir='ltr'><strong>bospite</strong></span> <span class='ocrx_word' id='word_1_87' title='bbox 686 1872 773 1912; x_wconf 67' lang='lat' dir='ltr'><strong>aaut,</strong></span> <span class='ocrx_word' id='word_1_88' title='bbox 788 1857 830 1903; x_wconf 84' lang='lat' dir='ltr'><strong>ted</strong></span> <span class='ocrx_word' id='word_1_89' title='bbox 844 1858 868 1902; x_wconf 90' lang='lat' dir='ltr'><strong>in</strong></span> <span class='ocrx_word' id='word_1_90' title='bbox 879 1857 971 1903; x_wconf 71' lang='lat' dir='ltr'><strong>insidiet</strong></span> <span class='ocrx_word' id='word_1_91' title='bbox 985 1859 1140 1920; x_wconf 69' lang='lat' dir='ltr'><strong>precipitatus</strong></span> <span class='ocrx_word' id='word_1_92' title='bbox 1151 1856 1234 1921; x_wconf 81' lang='lat' dir='ltr'><strong>ibique</strong></span> <span class='ocrx_word' id='word_1_93' title='bbox 1248 1874 1264 1903; x_wconf 78' lang='grc' dir='ltr'>ι</span> 
     </span>
     <span class='ocr_line' id='line_1_15' title="bbox 199 1927 1266 1991; baseline 0.001 -16"><span class='ocrx_word' id='word_1_94' title='bbox 199 1930 306 1990; x_wconf 70' lang='lat' dir='ltr'><strong>Magonis</strong></span> <span class='ocrx_word' id='word_1_95' title='bbox 316 1927 425 1973; x_wconf 74' lang='lat' dir='ltr'><strong>militibus</strong></span> <span class='ocrx_word' id='word_1_96' title='bbox 436 1928 526 1973; x_wconf 73' lang='lat' dir='ltr'><strong>occisus</strong></span> <span class='ocrx_word' id='word_1_97' title='bbox 536 1939 580 1975; x_wconf 73' lang='lat' dir='ltr'><strong>est.</strong></span> <span class='ocrx_word' id='word_1_98' title='bbox 591 1930 705 1974; x_wconf 76' lang='lat' dir='ltr'><strong>Praeterea</strong></span> <span class='ocrx_word' id='word_1_99' title='bbox 716 1944 764 1974; x_wconf 90' lang='lat' dir='ltr'><strong>non</strong></span> <span class='ocrx_word' id='word_1_100' title='bbox 772 1928 860 1991; x_wconf 83' lang='lat' dir='ltr'><strong>placet,</strong></span> <span class='ocrx_word' id='word_1_101' title='bbox 872 1943 928 1985; x_wconf 88' lang='lat' dir='ltr'><strong>nec,</strong></span> <span class='ocrx_word' id='word_1_102' title='bbox 939 1930 1027 1975; x_wconf 80' lang='lat' dir='ltr'><strong>sibene</strong></span> <span class='ocrx_word' id='word_1_103' title='bbox 1038 1931 1093 1975; x_wconf 81' lang='lat' dir='ltr'><strong>novi</strong></span> <span class='ocrx_word' id='word_1_104' title='bbox 1101 1927 1194 1985; x_wconf 73' lang='lat' dir='ltr'><strong>Silium,</strong></span> <span class='ocrx_word' id='word_1_105' title='bbox 1206 1945 1266 1991; x_wconf 85' lang='lat' dir='ltr'><strong>pro-</strong></span> 
     </span>
     <span class='ocr_line' id='line_1_16' title="bbox 198 1998 1263 2064; baseline 0 -16"><span class='ocrx_word' id='word_1_106' title='bbox 198 2001 274 2048; x_wconf 73' lang='lat' dir='ltr'><strong>babile</strong></span> <span class='ocrx_word' id='word_1_107' title='bbox 287 2014 335 2054; x_wconf 78' lang='lat' dir='ltr'><strong>ert,</strong></span> <span class='ocrx_word' id='word_1_108' title='bbox 349 2016 404 2045; x_wconf 88' lang='lat' dir='ltr'><strong>eum</strong></span> <span class='ocrx_word' id='word_1_109' title='bbox 415 2001 446 2044; x_wconf 75' lang='lat' dir='ltr'><strong>tie</strong></span> <span class='ocrx_word' id='word_1_110' title='bbox 458 2000 520 2046; x_wconf 86' lang='lat' dir='ltr'><strong>unde</strong></span> <span class='ocrx_word' id='word_1_111' title='bbox 533 1999 641 2064; x_wconf 72' lang='lat' dir='ltr'><strong>hospitem</strong></span> <span class='ocrx_word' id='word_1_112' title='bbox 653 2000 750 2057; x_wconf 77' lang='lat' dir='ltr'><strong>diriter,</strong></span> <span class='ocrx_word' id='word_1_113' title='bbox 765 2003 813 2047; x_wconf 77' lang='lat' dir='ltr'><strong>eine</strong></span> <span class='ocrx_word' id='word_1_114' title='bbox 824 1998 941 2063; x_wconf 84' lang='lat' dir='ltr'><strong>epitheto,</strong></span> <span class='ocrx_word' id='word_1_115' title='bbox 956 2018 1004 2064; x_wconf 91' lang='lat' dir='ltr'><strong>quo</strong></span> <span class='ocrx_word' id='word_1_116' title='bbox 1016 2003 1109 2063; x_wconf 69' lang='lat' dir='ltr'><strong>insignit</strong></span> <span class='ocrx_word' id='word_1_117' title='bbox 1122 2000 1174 2062; x_wconf 70' lang='lat' dir='ltr'><strong>ejus</strong></span> <span class='ocrx_word' id='word_1_118' title='bbox 1188 2002 1263 2064; x_wconf 84' lang='lat' dir='ltr'><strong>perii·</strong></span> 
     </span>
     <span class='ocr_line' id='line_1_17' title="bbox 198 2069 1262 2132; baseline -0.001 -15"><span class='ocrx_word' id='word_1_119' title='bbox 198 2071 235 2117; x_wconf 91' lang='lat' dir='ltr'><strong>dia</strong></span> <span class='ocrx_word' id='word_1_120' title='bbox 248 2084 271 2117; x_wconf 84' lang='lat' dir='ltr'><strong>et</strong></span> <span class='ocrx_word' id='word_1_121' title='bbox 281 2069 409 2132; x_wconf 74' lang='lat' dir='ltr'><strong>inprobitas</strong></span> <span class='ocrx_word' id='word_1_122' title='bbox 421 2069 581 2129; x_wconf 73' lang='lat' dir='ltr'><strong>designaretur</strong></span> <span class='ocrx_word' id='word_1_123' title='bbox 586 2088 594 2127; x_wconf 88' lang='lat'>;</span> <span class='ocrx_word' id='word_1_124' title='bbox 605 2083 631 2116; x_wconf 89' lang='grc' dir='ltr'><strong>ιιι</strong></span> <span class='ocrx_word' id='word_1_125' title='bbox 642 2083 746 2125; x_wconf 82' lang='lat' dir='ltr'><strong>taceam,</strong></span> <span class='ocrx_word' id='word_1_126' title='bbox 758 2071 829 2116; x_wconf 74' lang='lat' dir='ltr'><strong>verba</strong></span> <span class='ocrx_word' id='word_1_127' title='bbox 841 2086 915 2116; x_wconf 75' lang='lat' dir='ltr'><strong>rurus</strong></span> <span class='ocrx_word' id='word_1_128' title='bbox 926 2072 1039 2116; x_wconf 74' lang='lat' dir='ltr'><strong>oeriirmt</strong></span> <span class='ocrx_word' id='word_1_129' title='bbox 1052 2071 1173 2132; x_wconf 72' lang='lat' dir='ltr'><strong>hisguere.</strong></span> <span class='ocrx_word' id='word_1_130' title='bbox 1187 2072 1262 2116; x_wconf 80' lang='lat' dir='ltr'><strong>Forte</strong></span> 
     </span>
     <span class='ocr_line' id='line_1_18' title="bbox 198 2139 1261 2206; baseline -0.002 -17"><span class='ocrx_word' id='word_1_131' title='bbox 198 2141 324 2205; x_wconf 66' lang='lat' dir='ltr'><strong>legendnm</strong></span> <span class='ocrx_word' id='word_1_132' title='bbox 334 2141 362 2186; x_wconf 81' lang='lat' dir='ltr'><strong>ab</strong></span> <span class='ocrx_word' id='word_1_133' title='bbox 375 2140 530 2206; x_wconf 77' lang='lat' dir='ltr'><strong>bospitesaito</strong></span> <span class='ocrx_word' id='word_1_134' title='bbox 539 2141 563 2188; x_wconf 87' lang='lat' dir='ltr'><strong>b.</strong></span> <span class='ocrx_word' id='word_1_135' title='bbox 575 2159 596 2188; x_wconf 89' lang='lat' dir='ltr'><strong>e.</strong></span> <span class='ocrx_word' id='word_1_136' title='bbox 610 2141 700 2196; x_wconf 79' lang='lat' dir='ltr'><strong>saliari,</strong></span> <span class='ocrx_word' id='word_1_137' title='bbox 713 2139 822 2204; x_wconf 76' lang='lat' dir='ltr'><strong>utsaieus</strong></span> <span class='ocrx_word' id='word_1_138' title='bbox 834 2140 900 2189; x_wconf 76' lang='lat' dir='ltr'><strong>tomo</strong></span> <span class='ocrx_word' id='word_1_139' title='bbox 910 2141 995 2189; x_wconf 84' lang='lat' dir='ltr'><strong>dicitur</strong></span> <span class='ocrx_word' id='word_1_140' title='bbox 1006 2142 1097 2190; x_wconf 71' lang='lat' dir='ltr'><strong>Sallust.</strong></span> <span class='ocrx_word' id='word_1_141' title='bbox 1108 2144 1158 2189; x_wconf 84' lang='lat' dir='ltr'><strong>Cat.</strong></span> <span class='ocrx_word' id='word_1_142' title='bbox 1175 2159 1217 2198; x_wconf 89' lang='grc' dir='ltr'><strong>ιο,</strong></span> <span class='ocrx_word' id='word_1_143' title='bbox 1229 2142 1261 2190; x_wconf 82' lang='grc' dir='ltr'>ιιΙ.</span> 
     </span>
     <span class='ocr_line' id='line_1_19' title="bbox 197 2211 1264 2277; baseline -0.002 -16"><span class='ocrx_word' id='word_1_144' title='bbox 197 2241 229 2252; x_wconf 88' lang='lat'>—</span> <span class='ocrx_word' id='word_1_145' title='bbox 240 2214 293 2271; x_wconf 67' lang='lat' dir='ltr'><strong>ibo.</strong></span> <span class='ocrx_word' id='word_1_146' title='bbox 309 2215 350 2259; x_wconf 70' lang='lat' dir='ltr'><strong>Set</strong></span> <span class='ocrx_word' id='word_1_147' title='bbox 362 2211 439 2258; x_wconf 78' lang='lat' dir='ltr'><strong>stabat</strong></span> <span class='ocrx_word' id='word_1_148' title='bbox 452 2215 513 2277; x_wconf 82' lang='lat' dir='ltr'><strong>conj.</strong></span> <span class='ocrx_word' id='word_1_149' title='bbox 528 2215 615 2277; x_wconf 79' lang='lat' dir='ltr'><strong>Dausq.</strong></span> <span class='ocrx_word' id='word_1_150' title='bbox 633 2226 656 2259; x_wconf 87' lang='lat' dir='ltr'><strong>et</strong></span> <span class='ocrx_word' id='word_1_151' title='bbox 667 2213 740 2260; x_wconf 83' lang='lat' dir='ltr'><strong>edidit</strong></span> <span class='ocrx_word' id='word_1_152' title='bbox 750 2213 832 2259; x_wconf 79' lang='lat' dir='ltr'><strong>Leieb.</strong></span> <span class='ocrx_word' id='word_1_153' title='bbox 846 2214 952 2259; x_wconf 79' lang='lat' dir='ltr'><strong>Restabat</strong></span> <span class='ocrx_word' id='word_1_154' title='bbox 964 2229 1015 2277; x_wconf 78' lang='lat' dir='ltr'><strong>spes</strong></span> <span class='ocrx_word' id='word_1_155' title='bbox 1027 2211 1076 2259; x_wconf 71' lang='lat' dir='ltr'><strong>ulia</strong></span> <span class='ocrx_word' id='word_1_156' title='bbox 1086 2213 1147 2268; x_wconf 80' lang='lat' dir='ltr'><strong>loro,</strong></span> <span class='ocrx_word' id='word_1_157' title='bbox 1159 2212 1198 2258; x_wconf 85' lang='lat' dir='ltr'><strong>rei</strong></span> <span class='ocrx_word' id='word_1_158' title='bbox 1210 2214 1264 2259; x_wconf 78' lang='lat' dir='ltr'><strong>Hoc</strong></span> 
     </span>
     <span class='ocr_line' id='line_1_20' title="bbox 197 2281 1263 2349; baseline -0.001 -18"><span class='ocrx_word' id='word_1_159' title='bbox 197 2285 274 2332; x_wconf 73' lang='lat' dir='ltr'><strong>iniat</strong></span> <span class='ocrx_word' id='word_1_160' title='bbox 284 2300 335 2349; x_wconf 81' lang='lat' dir='ltr'><strong>spes</strong></span> <span class='ocrx_word' id='word_1_161' title='bbox 347 2281 386 2330; x_wconf 73' lang='lat' dir='ltr'><strong>itta</strong></span> <span class='ocrx_word' id='word_1_162' title='bbox 399 2282 447 2329; x_wconf 81' lang='lat' dir='ltr'><strong>loeo</strong></span> <span class='ocrx_word' id='word_1_163' title='bbox 459 2284 552 2330; x_wconf 83' lang='lat' dir='ltr'><strong>emend.</strong></span> <span class='ocrx_word' id='word_1_164' title='bbox 565 2286 594 2329; x_wconf 82' lang='lat' dir='ltr'><strong>tt.</strong></span> <span class='ocrx_word' id='word_1_165' title='bbox 606 2285 684 2330; x_wconf 72' lang='lat' dir='ltr'><strong>Heius.</strong></span> <span class='ocrx_word' id='word_1_166' title='bbox 693 2282 790 2344; x_wconf 74' lang='lat' dir='ltr'><strong>Vulgata</strong></span> <span class='ocrx_word' id='word_1_167' title='bbox 802 2282 872 2329; x_wconf 82' lang='lat' dir='ltr'><strong>lectio</strong></span> <span class='ocrx_word' id='word_1_168' title='bbox 884 2285 965 2346; x_wconf 85' lang='lat' dir='ltr'><strong>utique</strong></span> <span class='ocrx_word' id='word_1_169' title='bbox 977 2283 1088 2330; x_wconf 87' lang='lat' dir='ltr'><strong>mendum</strong></span> <span class='ocrx_word' id='word_1_170' title='bbox 1102 2282 1207 2340; x_wconf 77' lang='lat' dir='ltr'><strong>redolet,</strong></span> <span class='ocrx_word' id='word_1_171' title='bbox 1218 2283 1263 2330; x_wconf 82' lang='lat' dir='ltr'><strong>ted</strong></span> 
     </span>
     <span class='ocr_line' id='line_1_21' title="bbox 197 2352 1265 2416; baseline -0.001 -15"><span class='ocrx_word' id='word_1_172' title='bbox 197 2371 248 2401; x_wconf 75' lang='lat' dir='ltr'><strong>eam</strong></span> <span class='ocrx_word' id='word_1_173' title='bbox 261 2357 362 2401; x_wconf 81' lang='lat' dir='ltr'><strong>retinere</strong></span> <span class='ocrx_word' id='word_1_174' title='bbox 378 2353 461 2409; x_wconf 80' lang='lat' dir='ltr'><strong>malui,</strong></span> <span class='ocrx_word' id='word_1_175' title='bbox 480 2370 551 2416; x_wconf 78' lang='lat' dir='ltr'><strong>qnam</strong></span> <span class='ocrx_word' id='word_1_176' title='bbox 566 2353 639 2400; x_wconf 83' lang='lat' dir='ltr'><strong>dubia</strong></span> <span class='ocrx_word' id='word_1_177' title='bbox 651 2371 696 2416; x_wconf 90' lang='lat' dir='ltr'><strong>pro</strong></span> <span class='ocrx_word' id='word_1_178' title='bbox 711 2357 780 2399; x_wconf 75' lang='lat' dir='ltr'><strong>certis</strong></span> <span class='ocrx_word' id='word_1_179' title='bbox 794 2353 922 2401; x_wconf 69' lang='lat' dir='ltr'><strong>venditare.</strong></span> <span class='ocrx_word' id='word_1_180' title='bbox 934 2352 1033 2400; x_wconf 76' lang='lat' dir='ltr'><strong>Withof.</strong></span> <span class='ocrx_word' id='word_1_181' title='bbox 1049 2357 1135 2416; x_wconf 67' lang='lat' dir='ltr'><strong>corrig.</strong></span> <span class='ocrx_word' id='word_1_182' title='bbox 1150 2352 1265 2401; x_wconf 77' lang='lat' dir='ltr'><strong>cessabat</strong></span> 
     </span>
     <span class='ocr_line' id='line_1_22' title="bbox 195 2422 1263 2488; baseline 0.001 -18"><span class='ocrx_word' id='word_1_183' title='bbox 195 2441 231 2470; x_wconf 82' lang='lat' dir='ltr'><strong>res</strong></span> <span class='ocrx_word' id='word_1_184' title='bbox 244 2423 304 2476; x_wconf 66' lang='lat' dir='ltr'><strong>tribu</strong></span> <span class='ocrx_word' id='word_1_185' title='bbox 316 2423 363 2470; x_wconf 78' lang='lat' dir='ltr'><strong>ioco</strong></span> <span class='ocrx_word' id='word_1_186' title='bbox 369 2429 420 2488; x_wconf 81' lang='lat' dir='ltr'><strong>jam</strong></span> <span class='ocrx_word' id='word_1_187' title='bbox 431 2422 511 2470; x_wconf 77' lang='lat' dir='ltr'><strong>consui</strong></span> <span class='ocrx_word' id='word_1_188' title='bbox 522 2433 616 2487; x_wconf 79' lang='lat' dir='ltr'><strong>uterque</strong></span> <span class='ocrx_word' id='word_1_189' title='bbox 628 2427 654 2470; x_wconf 87' lang='lat' dir='ltr'><strong>P.</strong></span> <span class='ocrx_word' id='word_1_190' title='bbox 670 2424 768 2469; x_wconf 81' lang='lat' dir='ltr'><strong>aderunt</strong></span> <span class='ocrx_word' id='word_1_191' title='bbox 779 2423 838 2470; x_wconf 75' lang='lat' dir='ltr'><strong>Nolo</strong></span> <span class='ocrx_word' id='word_1_192' title='bbox 844 2458 852 2479; x_wconf 93' lang='lat'><strong>,</strong></span> <span class='ocrx_word' id='word_1_193' title='bbox 866 2427 900 2469; x_wconf 78' lang='lat' dir='ltr'><strong>vis</strong></span> <span class='ocrx_word' id='word_1_194' title='bbox 911 2427 984 2470; x_wconf 84' lang='lat' dir='ltr'><strong>omnis</strong></span> <span class='ocrx_word' id='word_1_195' title='bbox 995 2434 1019 2471; x_wconf 86' lang='lat' dir='ltr'><strong>et</strong></span> <span class='ocrx_word' id='word_1_196' title='bbox 1032 2427 1110 2486; x_wconf 78' lang='lat' dir='ltr'><strong>Arpis.</strong></span> <span class='ocrx_word' id='word_1_197' title='bbox 1123 2426 1195 2470; x_wconf 84' lang='lat' dir='ltr'><strong>Certe</strong></span> <span class='ocrx_word' id='word_1_198' title='bbox 1206 2437 1263 2486; x_wconf 76' lang='lat' dir='ltr'><strong>poet</strong></span> 
     </span>
     <span class='ocr_line' id='line_1_23' title="bbox 193 2494 1263 2560; baseline 0 -17"><span class='ocrx_word' id='word_1_199' title='bbox 193 2499 263 2560; x_wconf 66' lang='lat' dir='ltr'><strong>Aipn</strong></span> <span class='ocrx_word' id='word_1_200' title='bbox 274 2496 461 2557; x_wconf 68' lang='lat' dir='ltr'><strong>distinguendum</strong></span> <span class='ocrx_word' id='word_1_201' title='bbox 475 2497 584 2558; x_wconf 87' lang='lat' dir='ltr'><strong>putabat,</strong></span> <span class='ocrx_word' id='word_1_202' title='bbox 600 2512 673 2559; x_wconf 86' lang='lat' dir='ltr'><strong>quum</strong></span> <span class='ocrx_word' id='word_1_203' title='bbox 688 2511 716 2541; x_wconf 79' lang='lat' dir='ltr'><strong>ex</strong></span> <span class='ocrx_word' id='word_1_204' title='bbox 729 2494 810 2557; x_wconf 73' lang='lat' dir='ltr'><strong>Polyb.</strong></span> <span class='ocrx_word' id='word_1_205' title='bbox 827 2510 850 2542; x_wconf 86' lang='lat' dir='ltr'><strong>et</strong></span> <span class='ocrx_word' id='word_1_206' title='bbox 863 2498 929 2542; x_wconf 84' lang='lat' dir='ltr'><strong>Livio</strong></span> <span class='ocrx_word' id='word_1_207' title='bbox 944 2509 1047 2553; x_wconf 71' lang='lat' dir='ltr'><strong>constet,</strong></span> <span class='ocrx_word' id='word_1_208' title='bbox 1062 2495 1169 2542; x_wconf 74' lang='lat' dir='ltr'><strong>eonsules</strong></span> <span class='ocrx_word' id='word_1_209' title='bbox 1182 2495 1263 2553; x_wconf 70' lang='lat' dir='ltr'><strong>nota,</strong></span> 
     </span>
     <span class='ocr_line' id='line_1_24' title="bbox 194 2566 1262 2629; baseline -0.002 -16"><span class='ocrx_word' id='word_1_210' title='bbox 194 2580 218 2614; x_wconf 84' lang='lat' dir='ltr'><strong>et</strong></span> <span class='ocrx_word' id='word_1_211' title='bbox 230 2567 327 2612; x_wconf 83' lang='lat' dir='ltr'><strong>Fabium</strong></span> <span class='ocrx_word' id='word_1_212' title='bbox 339 2569 405 2627; x_wconf 71' lang='lat' dir='ltr'><strong>Arpi·</strong></span> <span class='ocrx_word' id='word_1_213' title='bbox 417 2569 516 2611; x_wconf 68' lang='lat' dir='ltr'><strong>veniere.</strong></span> <span class='ocrx_word' id='word_1_214' title='bbox 531 2571 560 2612; x_wconf 81' lang='lat' dir='ltr'><strong>At</strong></span> <span class='ocrx_word' id='word_1_215' title='bbox 573 2566 665 2629; x_wconf 68' lang='lat' dir='ltr'><strong>vulgata</strong></span> <span class='ocrx_word' id='word_1_216' title='bbox 676 2569 833 2629; x_wconf 79' lang='lat' dir='ltr'><strong>interpunctio</strong></span> <span class='ocrx_word' id='word_1_217' title='bbox 849 2567 955 2614; x_wconf 81' lang='lat' dir='ltr'><strong>eanrdem</strong></span> <span class='ocrx_word' id='word_1_218' title='bbox 967 2567 1058 2613; x_wconf 79' lang='lat' dir='ltr'><strong>exbibet</strong></span> <span class='ocrx_word' id='word_1_219' title='bbox 1073 2567 1262 2612; x_wconf 80' lang='lat' dir='ltr'><strong>senteutiam.—</strong></span> 
     </span>
     <span class='ocr_line' id='line_1_25' title="bbox 195 2636 1259 2699; baseline -0.004 -14"><span class='ocrx_word' id='word_1_220' title='bbox 195 2637 250 2695; x_wconf 63' lang='lat'><strong>482.</strong></span> <span class='ocrx_word' id='word_1_221' title='bbox 264 2636 341 2683; x_wconf 79' lang='lat' dir='ltr'><strong>rabida</strong></span> <span class='ocrx_word' id='word_1_222' title='bbox 352 2655 417 2683; x_wconf 81' lang='lat' dir='ltr'><strong>anna</strong></span> <span class='ocrx_word' id='word_1_223' title='bbox 429 2637 480 2683; x_wconf 70' lang='lat' dir='ltr'><strong>(tol.</strong></span> <span class='ocrx_word' id='word_1_224' title='bbox 494 2651 519 2684; x_wconf 92' lang='grc' dir='ltr'><strong>ιιι</strong></span> <span class='ocrx_word' id='word_1_225' title='bbox 532 2655 583 2699; x_wconf 72' lang='lat' dir='ltr'><strong>sup.</strong></span> <span class='ocrx_word' id='word_1_226' title='bbox 594 2639 651 2692; x_wconf 71' lang='lat' dir='ltr'><strong>vll,</strong></span> <span class='ocrx_word' id='word_1_227' title='bbox 666 2637 718 2684; x_wconf 80' lang='lat'><strong>253.</strong></span> <span class='ocrx_word' id='word_1_228' title='bbox 733 2637 779 2682; x_wconf 81' lang='lat' dir='ltr'><strong>Sed</strong></span> <span class='ocrx_word' id='word_1_229' title='bbox 790 2637 881 2698; x_wconf 68' lang='lat' dir='ltr'><strong>vulgata</strong></span> <span class='ocrx_word' id='word_1_230' title='bbox 891 2638 960 2684; x_wconf 85' lang='lat' dir='ltr'><strong>lectio</strong></span> <span class='ocrx_word' id='word_1_231' title='bbox 972 2638 994 2684; x_wconf 91' lang='lat' dir='ltr'><strong>h.</strong></span> <span class='ocrx_word' id='word_1_232' title='bbox 1008 2638 1023 2683; x_wconf 94' lang='grc' dir='ltr'><strong>Ι.</strong></span> <span class='ocrx_word' id='word_1_233' title='bbox 1035 2640 1118 2699; x_wconf 88' lang='lat' dir='ltr'><strong>aptior.</strong></span> <span class='ocrx_word' id='word_1_234' title='bbox 1130 2638 1220 2683; x_wconf 77' lang='lat' dir='ltr'><strong>Confer</strong></span> <span class='ocrx_word' id='word_1_235' title='bbox 1228 2640 1259 2695; x_wconf 76' lang='lat' dir='ltr'><strong>V,</strong></span> 
     </span>
     <span class='ocr_line' id='line_1_26' title="bbox 194 2708 1262 2773; baseline 0 -18"><span class='ocrx_word' id='word_1_236' title='bbox 194 2711 237 2773; x_wconf 84' lang='lat'><strong>98:</strong></span> <span class='ocrx_word' id='word_1_237' title='bbox 244 2710 337 2772; x_wconf 82' lang='lat' dir='ltr'><strong>ferebat</strong></span> <span class='ocrx_word' id='word_1_238' title='bbox 346 2709 395 2754; x_wconf 79' lang='lat' dir='ltr'><strong>Coi.</strong></span> <span class='ocrx_word' id='word_1_239' title='bbox 408 2722 434 2754; x_wconf 89' lang='lat' dir='ltr'><strong>nt</strong></span> <span class='ocrx_word' id='word_1_240' title='bbox 443 2725 497 2755; x_wconf 84' lang='lat' dir='ltr'><strong>mox</strong></span> <span class='ocrx_word' id='word_1_241' title='bbox 506 2708 634 2772; x_wconf 76' lang='lat' dir='ltr'><strong>inpellebat</strong></span> <span class='ocrx_word' id='word_1_242' title='bbox 644 2709 674 2754; x_wconf 88' lang='lat' dir='ltr'><strong>de</strong></span> <span class='ocrx_word' id='word_1_243' title='bbox 687 2711 780 2754; x_wconf 83' lang='lat' dir='ltr'><strong>Nerone</strong></span> <span class='ocrx_word' id='word_1_244' title='bbox 793 2721 816 2754; x_wconf 91' lang='lat' dir='ltr'><strong>et</strong></span> <span class='ocrx_word' id='word_1_245' title='bbox 826 2709 912 2755; x_wconf 76' lang='lat' dir='ltr'><strong>siluno.</strong></span> <span class='ocrx_word' id='word_1_246' title='bbox 920 2709 997 2770; x_wconf 69' lang='lat' dir='ltr'><strong>Vulgo</strong></span> <span class='ocrx_word' id='word_1_247' title='bbox 1001 2709 1122 2771; x_wconf 70' lang='lat' dir='ltr'><strong>servirent,</strong></span> <span class='ocrx_word' id='word_1_248' title='bbox 1133 2709 1199 2771; x_wconf 87' lang='lat' dir='ltr'><strong>quod</strong></span> <span class='ocrx_word' id='word_1_249' title='bbox 1210 2724 1262 2755; x_wconf 84' lang='lat' dir='ltr'><strong>ter-</strong></span> 
     </span>
     <span class='ocr_line' id='line_1_27' title="bbox 193 2779 1260 2842; baseline 0.003 -19"><span class='ocrx_word' id='word_1_250' title='bbox 193 2783 254 2828; x_wconf 78' lang='lat' dir='ltr'><strong>vavit</strong></span> <span class='ocrx_word' id='word_1_251' title='bbox 265 2780 345 2827; x_wconf 78' lang='lat' dir='ltr'><strong>laeieb.</strong></span> <span class='ocrx_word' id='word_1_252' title='bbox 359 2806 391 2816; x_wconf 93' lang='lat'><strong>--</strong></span> <span class='ocrx_word' id='word_1_253' title='bbox 401 2780 456 2836; x_wconf 69' lang='lat'><strong>483.</strong></span> <span class='ocrx_word' id='word_1_254' title='bbox 467 2780 566 2826; x_wconf 75' lang='lat' dir='ltr'><strong>nolueris</strong></span> <span class='ocrx_word' id='word_1_255' title='bbox 577 2779 700 2842; x_wconf 73' lang='grc' dir='ltr'><strong>ἁρχαϊιιὸς</strong></span> <span class='ocrx_word' id='word_1_256' title='bbox 711 2779 762 2826; x_wconf 84' lang='lat' dir='ltr'><strong>Col.</strong></span> <span class='ocrx_word' id='word_1_257' title='bbox 775 2780 838 2825; x_wconf 89' lang='lat' dir='ltr'><strong>unde</strong></span> <span class='ocrx_word' id='word_1_258' title='bbox 851 2784 941 2842; x_wconf 86' lang='lat' dir='ltr'><strong>recepi,</strong></span> <span class='ocrx_word' id='word_1_259' title='bbox 955 2782 1019 2842; x_wconf 88' lang='lat' dir='ltr'><strong>qnod</strong></span> <span class='ocrx_word' id='word_1_260' title='bbox 1029 2794 1052 2826; x_wconf 80' lang='lat' dir='ltr'><strong>et</strong></span> <span class='ocrx_word' id='word_1_261' title='bbox 1063 2783 1132 2826; x_wconf 73' lang='lat' dir='ltr'><strong>terite</strong></span> <span class='ocrx_word' id='word_1_262' title='bbox 1141 2779 1199 2826; x_wconf 76' lang='lat' dir='ltr'><strong>feeit</strong></span> <span class='ocrx_word' id='word_1_263' title='bbox 1210 2781 1260 2826; x_wconf 88' lang='lat' dir='ltr'><strong>Le-</strong></span> 
     </span>
     <span class='ocr_line' id='line_1_28' title="bbox 191 2850 1260 2914; baseline -0.001 -16"><span class='ocrx_word' id='word_1_264' title='bbox 191 2852 241 2899; x_wconf 81' lang='lat' dir='ltr'><strong>teb.</strong></span> <span class='ocrx_word' id='word_1_265' title='bbox 250 2852 318 2914; x_wconf 73' lang='lat' dir='ltr'><strong>Vuig.</strong></span> <span class='ocrx_word' id='word_1_266' title='bbox 332 2851 443 2898; x_wconf 77' lang='lat' dir='ltr'><strong>volucres.</strong></span> <span class='ocrx_word' id='word_1_267' title='bbox 456 2851 550 2896; x_wconf 70' lang='lat' dir='ltr'><strong>Silanus</strong></span> <span class='ocrx_word' id='word_1_268' title='bbox 562 2850 611 2897; x_wconf 82' lang='lat' dir='ltr'><strong>Col.</strong></span> <span class='ocrx_word' id='word_1_269' title='bbox 624 2852 699 2897; x_wconf 71' lang='lat' dir='ltr'><strong>tuniae</strong></span> <span class='ocrx_word' id='word_1_270' title='bbox 711 2852 785 2912; x_wconf 69' lang='lat' dir='ltr'><strong>gentis</strong></span> <span class='ocrx_word' id='word_1_271' title='bbox 796 2864 991 2912; x_wconf 72' lang='lat' dir='ltr'><strong>cognomentum,</strong></span> <span class='ocrx_word' id='word_1_272' title='bbox 1002 2852 1067 2914; x_wconf 86' lang='lat' dir='ltr'><strong>quod</strong></span> <span class='ocrx_word' id='word_1_273' title='bbox 1076 2851 1158 2897; x_wconf 87' lang='lat' dir='ltr'><strong>tubum</strong></span> <span class='ocrx_word' id='word_1_274' title='bbox 1169 2850 1209 2896; x_wconf 82' lang='lat' dir='ltr'><strong>vei</strong></span> <span class='ocrx_word' id='word_1_275' title='bbox 1218 2850 1260 2897; x_wconf 74' lang='lat' dir='ltr'><strong>bt·</strong></span> 
     </span>
     <span class='ocr_line' id='line_1_29' title="bbox 192 2920 1256 2984; baseline -0.003 -14"><span class='ocrx_word' id='word_1_276' title='bbox 192 2924 263 2970; x_wconf 78' lang='lat' dir='ltr'><strong>tetiam</strong></span> <span class='ocrx_word' id='word_1_277' title='bbox 275 2925 399 2984; x_wconf 52' lang='lat' dir='ltr'><strong>significan</strong></span> <span class='ocrx_word' id='word_1_278' title='bbox 412 2925 441 2967; x_wconf 81' lang='lat' dir='ltr'><strong>N.</strong></span> <span class='ocrx_word' id='word_1_279' title='bbox 456 2924 533 2967; x_wconf 82' lang='lat' dir='ltr'><strong>Heius.</strong></span> <span class='ocrx_word' id='word_1_280' title='bbox 543 2924 578 2967; x_wconf 81' lang='lat' dir='ltr'><strong>et.</strong></span> <span class='ocrx_word' id='word_1_281' title='bbox 592 2923 653 2968; x_wconf 77' lang='lat' dir='ltr'><strong>Fert.</strong></span> <span class='ocrx_word' id='word_1_282' title='bbox 662 2920 728 2966; x_wconf 84' lang='lat' dir='ltr'><strong>verb.</strong></span> <span class='ocrx_word' id='word_1_283' title='bbox 742 2920 841 2977; x_wconf 74' lang='lat' dir='ltr'><strong>Tullios,</strong></span> <span class='ocrx_word' id='word_1_284' title='bbox 853 2935 876 2967; x_wconf 87' lang='lat' dir='ltr'><strong>et</strong></span> <span class='ocrx_word' id='word_1_285' title='bbox 886 2924 979 2968; x_wconf 84' lang='lat' dir='ltr'><strong>Lueret.</strong></span> <span class='ocrx_word' id='word_1_286' title='bbox 991 2923 1037 2976; x_wconf 74' lang='lat' dir='ltr'><strong>t&#39;l,</strong></span> <span class='ocrx_word' id='word_1_287' title='bbox 1051 2920 1123 2975; x_wconf 71' lang='lat'><strong>1263,</strong></span> <span class='ocrx_word' id='word_1_288' title='bbox 1134 2920 1196 2966; x_wconf 69' lang='lat' dir='ltr'><strong>Cela.</strong></span> <span class='ocrx_word' id='word_1_289' title='bbox 1206 2923 1256 2975; x_wconf 81' lang='lat' dir='ltr'><strong>tn,</strong></span> 
     </span>
     <span class='ocr_line' id='line_1_30' title="bbox 196 2992 1258 3060; baseline -0.001 -18"><span class='ocrx_word' id='word_1_290' title='bbox 196 2997 236 3051; x_wconf 77' lang='lat'><strong>18;</strong></span> <span class='ocrx_word' id='word_1_291' title='bbox 250 3000 332 3060; x_wconf 69' lang='lat' dir='ltr'><strong>Hygia.</strong></span> <span class='ocrx_word' id='word_1_292' title='bbox 346 2997 363 3042; x_wconf 77' lang='lat' dir='ltr'><strong>i.</strong></span> <span class='ocrx_word' id='word_1_293' title='bbox 380 2996 430 3056; x_wconf 78' lang='lat'><strong>169.</strong></span> <span class='ocrx_word' id='word_1_294' title='bbox 440 2995 507 3056; x_wconf 68' lang='lat' dir='ltr'><strong>t&#39;ulfl.</strong></span> <span class='ocrx_word' id='word_1_295' title='bbox 521 2993 644 3058; x_wconf 65' lang='lat' dir='ltr'><strong>Syllanps,</strong></span> <span class='ocrx_word' id='word_1_296' title='bbox 656 3010 709 3057; x_wconf 65' lang='grc' dir='ltr'><strong>φιτ</strong></span> <span class='ocrx_word' id='word_1_297' title='bbox 723 3010 769 3041; x_wconf 83' lang='lat' dir='ltr'><strong>vox</strong></span> <span class='ocrx_word' id='word_1_298' title='bbox 778 2992 842 3040; x_wconf 83' lang='lat' dir='ltr'><strong>nibiii</strong></span> <span class='ocrx_word' id='word_1_299' title='bbox 856 3008 897 3040; x_wconf 79' lang='lat' dir='ltr'><strong>est.</strong></span> <span class='ocrx_word' id='word_1_300' title='bbox 910 3020 942 3030; x_wconf 96' lang='lat'>-</span> <span class='ocrx_word' id='word_1_301' title='bbox 953 2993 1007 3056; x_wconf 62' lang='lat'><strong>487.</strong></span> <span class='ocrx_word' id='word_1_302' title='bbox 1020 2996 1095 3039; x_wconf 73' lang='lat' dir='ltr'><strong>iruidit</strong></span> <span class='ocrx_word' id='word_1_303' title='bbox 1107 2994 1157 3040; x_wconf 77' lang='lat' dir='ltr'><strong>Cot.</strong></span> <span class='ocrx_word' id='word_1_304' title='bbox 1170 2997 1258 3041; x_wconf 75' lang='lat' dir='ltr'><strong>insedit</strong></span> 
     </span>
    </p>
   </div>
   <div class='ocr_carea' id='block_1_4' title="bbox 190 3164 1255 4202">
    <p class='ocr_par' dir='ltr' id='par_1_8' title="bbox 190 3164 1255 3718">
     <span class='ocr_line' id='line_1_31' title="bbox 229 3164 1255 3234; baseline 0.002 -21"><span class='ocrx_word' id='word_1_305' title='bbox 229 3165 364 3234; x_wconf 66' lang='lat' dir='ltr'><strong>⁴77.roeco</strong></span> <span class='ocrx_word' id='word_1_306' title='bbox 373 3174 476 3223; x_wconf 54' lang='lat' dir='ltr'><strong>astum.</strong></span> <span class='ocrx_word' id='word_1_307' title='bbox 487 3164 521 3215; x_wconf 90' lang='lat' dir='ltr'><strong>ad</strong></span> <span class='ocrx_word' id='word_1_308' title='bbox 529 3168 561 3231; x_wconf 81' lang='lat' dir='ltr'><strong>V,</strong></span> <span class='ocrx_word' id='word_1_309' title='bbox 570 3167 695 3234; x_wconf 68' lang='grc'><strong>3.-478,</strong></span> <span class='ocrx_word' id='word_1_310' title='bbox 743 3179 816 3224; x_wconf 85' lang='lat' dir='ltr'><strong>erat;</strong></span> <span class='ocrx_word' id='word_1_311' title='bbox 834 3167 896 3216; x_wconf 84' lang='lat' dir='ltr'><strong>Ern.</strong></span> <span class='ocrx_word' id='word_1_312' title='bbox 917 3165 979 3216; x_wconf 80' lang='lat' dir='ltr'><strong>coil.</strong></span> <span class='ocrx_word' id='word_1_313' title='bbox 996 3165 1050 3215; x_wconf 83' lang='lat' dir='ltr'><strong>Liv.</strong></span> <span class='ocrx_word' id='word_1_314' title='bbox 1069 3164 1086 3213; x_wconf 95' lang='grc' dir='ltr'><strong>Ι.</strong></span> <span class='ocrx_word' id='word_1_315' title='bbox 1105 3182 1128 3213; x_wconf 88' lang='lat' dir='ltr'><strong>c.</strong></span> <span class='ocrx_word' id='word_1_316' title='bbox 1147 3182 1185 3214; x_wconf 81' lang='lat' dir='ltr'><strong>res</strong></span> <span class='ocrx_word' id='word_1_317' title='bbox 1204 3183 1255 3215; x_wconf 84' lang='lat' dir='ltr'><strong>ner</strong></span> 
     </span>
     <span class='ocr_line' id='line_1_32' title="bbox 193 3244 1253 3316; baseline -0.001 -18"><span class='ocrx_word' id='word_1_318' title='bbox 193 3245 297 3298; x_wconf 73' lang='lat' dir='ltr'><strong>taudem</strong></span> <span class='ocrx_word' id='word_1_319' title='bbox 324 3244 400 3314; x_wconf 79' lang='lat' dir='ltr'><strong>Libys</strong></span> <span class='ocrx_word' id='word_1_320' title='bbox 426 3248 542 3316; x_wconf 80' lang='lat' dir='ltr'><strong>rapiebat</strong></span> <span class='ocrx_word' id='word_1_321' title='bbox 567 3247 695 3312; x_wconf 78' lang='lat' dir='ltr'><strong>humani,</strong></span> <span class='ocrx_word' id='word_1_322' title='bbox 741 3246 876 3316; x_wconf 68' lang='lat' dir='ltr'><strong>explorata</strong></span> <span class='ocrx_word' id='word_1_323' title='bbox 902 3246 1028 3296; x_wconf 81' lang='lat' dir='ltr'><strong>Rornanis</strong></span> <span class='ocrx_word' id='word_1_324' title='bbox 1054 3245 1134 3315; x_wconf 70' lang='lat' dir='ltr'><strong>(que</strong></span> <span class='ocrx_word' id='word_1_325' title='bbox 1157 3255 1253 3297; x_wconf 87' lang='lat' dir='ltr'><strong>tamen</strong></span> 
     </span>
     <span class='ocr_line' id='line_1_33' title="bbox 192 3324 1253 3396; baseline 0.003 -20"><span class='ocrx_word' id='word_1_326' title='bbox 192 3341 248 3377; x_wconf 88' lang='lat' dir='ltr'><strong>tum</strong></span> <span class='ocrx_word' id='word_1_327' title='bbox 260 3324 370 3375; x_wconf 80' lang='lat' dir='ltr'><strong>honoris</strong></span> <span class='ocrx_word' id='word_1_328' title='bbox 385 3337 411 3374; x_wconf 86' lang='lat' dir='ltr'><strong>et</strong></span> <span class='ocrx_word' id='word_1_329' title='bbox 428 3326 506 3376; x_wconf 72' lang='lat' dir='ltr'><strong>fama:</strong></span> <span class='ocrx_word' id='word_1_330' title='bbox 521 3329 622 3396; x_wconf 75' lang='lat' dir='ltr'><strong>gratia,</strong></span> <span class='ocrx_word' id='word_1_331' title='bbox 639 3340 696 3378; x_wconf 90' lang='lat' dir='ltr'><strong>tum</strong></span> <span class='ocrx_word' id='word_1_332' title='bbox 741 3328 824 3378; x_wconf 84' lang='lat' dir='ltr'><strong>verba</strong></span> <span class='ocrx_word' id='word_1_333' title='bbox 836 3330 863 3379; x_wconf 91' lang='lat' dir='ltr'><strong>in</strong></span> <span class='ocrx_word' id='word_1_334' title='bbox 874 3326 918 3380; x_wconf 88' lang='lat' dir='ltr'><strong>ed.</strong></span> <span class='ocrx_word' id='word_1_335' title='bbox 930 3327 1011 3378; x_wconf 80' lang='lat' dir='ltr'><strong>Drak.</strong></span> <span class='ocrx_word' id='word_1_336' title='bbox 1026 3340 1050 3378; x_wconf 86' lang='lat' dir='ltr'><strong>et</strong></span> <span class='ocrx_word' id='word_1_337' title='bbox 1062 3327 1124 3377; x_wconf 87' lang='lat' dir='ltr'><strong>Em.</strong></span> <span class='ocrx_word' id='word_1_338' title='bbox 1137 3343 1193 3376; x_wconf 91' lang='lat' dir='ltr'><strong>non</strong></span> <span class='ocrx_word' id='word_1_339' title='bbox 1208 3326 1253 3379; x_wconf 88' lang='lat' dir='ltr'><strong>le-</strong></span> 
     </span>
     <span class='ocr_line' id='line_1_34' title="bbox 191 3403 1251 3479; baseline 0.004 -23"><span class='ocrx_word' id='word_1_340' title='bbox 191 3407 289 3475; x_wconf 89' lang='lat' dir='ltr'><strong>raptim</strong></span> <span class='ocrx_word' id='word_1_341' title='bbox 302 3417 328 3456; x_wconf 92' lang='lat' dir='ltr'><strong>et</strong></span> <span class='ocrx_word' id='word_1_342' title='bbox 343 3405 372 3458; x_wconf 65' lang='grc' dir='ltr'><strong>ἐς</strong></span> <span class='ocrx_word' id='word_1_343' title='bbox 385 3403 510 3473; x_wconf 60' lang='grc' dir='ltr'>ιἰπαρὸὂᾳ</span> <span class='ocrx_word' id='word_1_344' title='bbox 523 3408 604 3456; x_wconf 83' lang='lat' dir='ltr'><strong>funus</strong></span> <span class='ocrx_word' id='word_1_345' title='bbox 616 3425 696 3457; x_wconf 84' lang='lat' dir='ltr'><strong>cura·</strong></span> <span class='ocrx_word' id='word_1_346' title='bbox 740 3408 856 3479; x_wconf 75' lang='lat' dir='ltr'><strong>guntur)</strong></span> <span class='ocrx_word' id='word_1_347' title='bbox 879 3411 1011 3479; x_wconf 69' lang='lat' dir='ltr'><strong>inprotem</strong></span> <span class='ocrx_word' id='word_1_348' title='bbox 1034 3407 1146 3478; x_wconf 82' lang='lat' dir='ltr'><strong>proebrtit</strong></span> <span class='ocrx_word' id='word_1_349' title='bbox 1166 3416 1251 3460; x_wconf 75' lang='lat' dir='ltr'><strong>term-</strong></span> 
     </span>
     <span class='ocr_line' id='line_1_35' title="bbox 190 3486 1249 3558; baseline 0.003 -20"><span class='ocrx_word' id='word_1_350' title='bbox 190 3487 253 3538; x_wconf 81' lang='lat' dir='ltr'><strong>bat:</strong></span> <span class='ocrx_word' id='word_1_351' title='bbox 266 3489 325 3556; x_wconf 80' lang='lat' dir='ltr'><strong>ipsa</strong></span> <span class='ocrx_word' id='word_1_352' title='bbox 335 3499 423 3536; x_wconf 77' lang='lat' dir='ltr'><strong>autern</strong></span> <span class='ocrx_word' id='word_1_353' title='bbox 435 3486 518 3537; x_wconf 80' lang='lat' dir='ltr'><strong>verba</strong></span> <span class='ocrx_word' id='word_1_354' title='bbox 530 3486 596 3538; x_wconf 87' lang='lat' dir='ltr'><strong>nihii</strong></span> <span class='ocrx_word' id='word_1_355' title='bbox 609 3506 695 3558; x_wconf 87' lang='lat' dir='ltr'><strong>prope</strong></span> <span class='ocrx_word' id='word_1_356' title='bbox 741 3507 802 3540; x_wconf 82' lang='lat' dir='ltr'><strong>rem.</strong></span> <span class='ocrx_word' id='word_1_357' title='bbox 816 3489 876 3540; x_wconf 85' lang='lat' dir='ltr'><strong>Vid.</strong></span> <span class='ocrx_word' id='word_1_358' title='bbox 888 3493 950 3540; x_wconf 90' lang='lat' dir='ltr'><strong>Var.</strong></span> <span class='ocrx_word' id='word_1_359' title='bbox 962 3490 1035 3540; x_wconf 67' lang='lat' dir='ltr'><strong>lect.</strong></span> <span class='ocrx_word' id='word_1_360' title='bbox 1048 3519 1084 3527; x_wconf 88' lang='lat'>—</span> <span class='ocrx_word' id='word_1_361' title='bbox 1093 3489 1153 3552; x_wconf 55' lang='grc'>481.</span> <span class='ocrx_word' id='word_1_362' title='bbox 1165 3489 1249 3541; x_wconf 76' lang='lat' dir='ltr'><strong>Cous.</strong></span> 
     </span>
     <span class='ocr_line' id='line_1_36' title="bbox 191 3567 1250 3639; baseline 0.001 -21"><span class='ocrx_word' id='word_1_363' title='bbox 191 3570 242 3618; x_wconf 79' lang='lat' dir='ltr'><strong>nisi</strong></span> <span class='ocrx_word' id='word_1_364' title='bbox 256 3584 360 3618; x_wconf 77' lang='lat' dir='ltr'><strong>vertum</strong></span> <span class='ocrx_word' id='word_1_365' title='bbox 374 3567 493 3637; x_wconf 79' lang='lat' dir='ltr'><strong>expien13</strong></span> <span class='ocrx_word' id='word_1_366' title='bbox 507 3587 568 3619; x_wconf 81' lang='lat' dir='ltr'><strong>nant</strong></span> <span class='ocrx_word' id='word_1_367' title='bbox 582 3586 624 3619; x_wconf 84' lang='lat' dir='ltr'><strong>res</strong></span> <span class='ocrx_word' id='word_1_368' title='bbox 636 3571 694 3639; x_wconf 85' lang='lat' dir='ltr'><strong>ipsa</strong></span> <span class='ocrx_word' id='word_1_369' title='bbox 740 3568 796 3619; x_wconf 82' lang='lat' dir='ltr'><strong>Liv.</strong></span> <span class='ocrx_word' id='word_1_370' title='bbox 816 3570 916 3633; x_wconf 82' lang='lat' dir='ltr'><strong>xxtlt,</strong></span> <span class='ocrx_word' id='word_1_371' title='bbox 937 3569 985 3634; x_wconf 75' lang='grc'><strong>46,</strong></span> <span class='ocrx_word' id='word_1_372' title='bbox 1002 3583 1027 3620; x_wconf 84' lang='lat' dir='ltr'><strong>et</strong></span> <span class='ocrx_word' id='word_1_373' title='bbox 1044 3569 1140 3633; x_wconf 82' lang='lat' dir='ltr'><strong>xxiv,</strong></span> <span class='ocrx_word' id='word_1_374' title='bbox 1155 3568 1199 3632; x_wconf 76' lang='grc'><strong>46.</strong></span> <span class='ocrx_word' id='word_1_375' title='bbox 1213 3600 1250 3609; x_wconf 91' lang='grc'><strong>-</strong></span> 
     </span>
     <span class='ocr_line' id='line_1_37' title="bbox 191 3645 1249 3718; baseline 0.002 -20"><span class='ocrx_word' id='word_1_376' title='bbox 191 3665 223 3698; x_wconf 82' lang='lat' dir='ltr'><strong>ex</strong></span> <span class='ocrx_word' id='word_1_377' title='bbox 234 3645 374 3697; x_wconf 85' lang='lat' dir='ltr'><strong>autecedd.</strong></span> <span class='ocrx_word' id='word_1_378' title='bbox 388 3660 451 3698; x_wconf 91' lang='lat' dir='ltr'><strong>nota</strong></span> <span class='ocrx_word' id='word_1_379' title='bbox 465 3661 535 3709; x_wconf 75' lang='lat' dir='ltr'><strong>erat,</strong></span> <span class='ocrx_word' id='word_1_380' title='bbox 551 3649 614 3700; x_wconf 88' lang='lat' dir='ltr'><strong>Ern.</strong></span> <span class='ocrx_word' id='word_1_381' title='bbox 741 3649 776 3699; x_wconf 80' lang='lat' dir='ltr'><strong>vis</strong></span> <span class='ocrx_word' id='word_1_382' title='bbox 788 3650 886 3712; x_wconf 83' lang='lat' dir='ltr'><strong>omnis,</strong></span> <span class='ocrx_word' id='word_1_383' title='bbox 902 3650 1034 3700; x_wconf 78' lang='lat' dir='ltr'><strong>exereitus</strong></span> <span class='ocrx_word' id='word_1_384' title='bbox 1048 3648 1121 3699; x_wconf 77' lang='lat' dir='ltr'><strong>b&#39;oiae</strong></span> <span class='ocrx_word' id='word_1_385' title='bbox 1134 3649 1161 3697; x_wconf 91' lang='lat' dir='ltr'><strong>in</strong></span> <span class='ocrx_word' id='word_1_386' title='bbox 1175 3667 1249 3718; x_wconf 79' lang='lat' dir='ltr'><strong>prte-</strong></span> 
     </span>
    </p>

    <p class='ocr_par' dir='ltr' id='par_1_9' title="bbox 190 3726 1250 4202">
     <span class='ocr_line' id='line_1_38' title="bbox 226 3726 1250 3802; baseline 0.003 -24"><span class='ocrx_word' id='word_1_387' title='bbox 226 3728 279 3796; x_wconf 72' lang='lat'><strong>479</strong></span> <span class='ocrx_word' id='word_1_388' title='bbox 292 3745 346 3797; x_wconf 81' lang='lat' dir='ltr'><strong>seq.</strong></span> <span class='ocrx_word' id='word_1_389' title='bbox 364 3726 405 3777; x_wconf 84' lang='lat' dir='ltr'><strong>ct.</strong></span> <span class='ocrx_word' id='word_1_390' title='bbox 421 3729 478 3778; x_wconf 86' lang='lat' dir='ltr'><strong>Liv.</strong></span> <span class='ocrx_word' id='word_1_391' title='bbox 493 3729 592 3789; x_wconf 73' lang='lat' dir='ltr'><strong>XXVI,</strong></span> <span class='ocrx_word' id='word_1_392' title='bbox 606 3728 637 3789; x_wconf 83' lang='lat'><strong>5,</strong></span> <span class='ocrx_word' id='word_1_393' title='bbox 647 3727 694 3779; x_wconf 93' lang='lat' dir='ltr'><strong>ubi</strong></span> <span class='ocrx_word' id='word_1_394' title='bbox 740 3728 810 3780; x_wconf 82' lang='lat' dir='ltr'><strong>sidio</strong></span> <span class='ocrx_word' id='word_1_395' title='bbox 832 3728 950 3781; x_wconf 78' lang='lat' dir='ltr'><strong>relictus.</strong></span> <span class='ocrx_word' id='word_1_396' title='bbox 962 3759 997 3768; x_wconf 93' lang='lat'><strong>—-</strong></span> <span class='ocrx_word' id='word_1_397' title='bbox 1011 3730 1071 3795; x_wconf 68' lang='lat'><strong>482.</strong></span> <span class='ocrx_word' id='word_1_398' title='bbox 1089 3729 1152 3778; x_wconf 80' lang='lat' dir='ltr'><strong>AEvi</strong></span> <span class='ocrx_word' id='word_1_399' title='bbox 1162 3728 1250 3802; x_wconf 84' lang='lat' dir='ltr'><strong>flori·</strong></span> 
     </span>
     <span class='ocr_line' id='line_1_39' title="bbox 191 3797 1249 3877; baseline 0.003 -21"><span class='ocrx_word' id='word_1_400' title='bbox 191 3820 279 3858; x_wconf 87' lang='lat' dir='ltr'><strong>tamen</strong></span> <span class='ocrx_word' id='word_1_401' title='bbox 289 3826 339 3876; x_wconf 93' lang='lat' dir='ltr'><strong>pro</strong></span> <span class='ocrx_word' id='word_1_402' title='bbox 351 3808 431 3859; x_wconf 81' lang='lat' dir='ltr'><strong>Fabio</strong></span> <span class='ocrx_word' id='word_1_403' title='bbox 441 3797 467 3860; x_wconf 81' lang='lat' dir='ltr'><strong>et</strong></span> <span class='ocrx_word' id='word_1_404' title='bbox 478 3810 571 3861; x_wconf 81' lang='lat' dir='ltr'><strong>Silano</strong></span> <span class='ocrx_word' id='word_1_405' title='bbox 584 3808 691 3860; x_wconf 83' lang='lat' dir='ltr'><strong>Fulvius</strong></span> <span class='ocrx_word' id='word_1_406' title='bbox 738 3810 809 3868; x_wconf 60' lang='lat' dir='ltr'><strong>dion·</strong></span> <span class='ocrx_word' id='word_1_407' title='bbox 822 3810 857 3858; x_wconf 83' lang='lat' dir='ltr'><strong>ef.</strong></span> <span class='ocrx_word' id='word_1_408' title='bbox 871 3808 904 3858; x_wconf 86' lang='lat' dir='ltr'><strong>ad</strong></span> <span class='ocrx_word' id='word_1_409' title='bbox 919 3812 943 3874; x_wconf 90' lang='lat'><strong>1,</strong></span> <span class='ocrx_word' id='word_1_410' title='bbox 957 3810 987 3860; x_wconf 89' lang='grc' dir='ltr'><strong>6ι</strong></span> <span class='ocrx_word' id='word_1_411' title='bbox 996 3839 1043 3858; x_wconf 91' lang='grc'><strong>.-</strong></span> <span class='ocrx_word' id='word_1_412' title='bbox 1052 3807 1112 3874; x_wconf 66' lang='grc'>484.</span> <span class='ocrx_word' id='word_1_413' title='bbox 1126 3807 1249 3877; x_wconf 71' lang='lat' dir='ltr'><strong>Inpedie-</strong></span> 
     </span>
     <span class='ocr_line' id='line_1_40' title="bbox 190 3888 1248 3960; baseline 0 -22"><span class='ocrx_word' id='word_1_414' title='bbox 190 3900 362 3938; x_wconf 87' lang='lat' dir='ltr'><strong>memoratur.</strong></span> <span class='ocrx_word' id='word_1_415' title='bbox 377 3921 413 3929; x_wconf 93' lang='lat'><em>-</em></span> <span class='ocrx_word' id='word_1_416' title='bbox 428 3901 457 3939; x_wconf 84' lang='lat' dir='ltr'><strong>ut</strong></span> <span class='ocrx_word' id='word_1_417' title='bbox 472 3890 580 3953; x_wconf 79' lang='lat' dir='ltr'><strong>scitum,</strong></span> <span class='ocrx_word' id='word_1_418' title='bbox 600 3891 693 3960; x_wconf 75' lang='lat' dir='ltr'><strong>cogni·</strong></span> <span class='ocrx_word' id='word_1_419' title='bbox 739 3891 783 3941; x_wconf 82' lang='lat' dir='ltr'><strong>bat</strong></span> <span class='ocrx_word' id='word_1_420' title='bbox 793 3907 885 3960; x_wconf 69' lang='lat' dir='ltr'><strong>opens,</strong></span> <span class='ocrx_word' id='word_1_421' title='bbox 898 3890 933 3938; x_wconf 87' lang='lat' dir='ltr'><strong>cf.</strong></span> <span class='ocrx_word' id='word_1_422' title='bbox 947 3891 978 3951; x_wconf 90' lang='lat' dir='ltr'><strong>V,</strong></span> <span class='ocrx_word' id='word_1_423' title='bbox 994 3888 1054 3940; x_wconf 82' lang='lat'>623.</span> <span class='ocrx_word' id='word_1_424' title='bbox 1068 3918 1101 3926; x_wconf 92' lang='grc'>-</span> <span class='ocrx_word' id='word_1_425' title='bbox 1111 3888 1173 3954; x_wconf 75' lang='grc'>486.</span> <span class='ocrx_word' id='word_1_426' title='bbox 1191 3888 1248 3940; x_wconf 76' lang='lat' dir='ltr'><strong>Uni</strong></span> 
     </span>
     <span class='ocr_line' id='line_1_41' title="bbox 191 3966 1245 4040; baseline 0.001 -22"><span class='ocrx_word' id='word_1_427' title='bbox 191 3983 261 4027; x_wconf 87' lang='lat' dir='ltr'><strong>tum,</strong></span> <span class='ocrx_word' id='word_1_428' title='bbox 277 3967 396 4020; x_wconf 86' lang='lat' dir='ltr'><strong>auditum</strong></span> <span class='ocrx_word' id='word_1_429' title='bbox 411 3985 458 4022; x_wconf 85' lang='lat' dir='ltr'><strong>est.</strong></span> <span class='ocrx_word' id='word_1_430' title='bbox 469 4000 505 4009; x_wconf 87' lang='lat'>—</span> <span class='ocrx_word' id='word_1_431' title='bbox 516 3969 628 4033; x_wconf 82' lang='lat' dir='ltr'><strong>moenia,</strong></span> <span class='ocrx_word' id='word_1_432' title='bbox 641 3970 693 4020; x_wconf 89' lang='lat' dir='ltr'><strong>Ca·</strong></span> <span class='ocrx_word' id='word_1_433' title='bbox 730 3969 840 4040; x_wconf 80' lang='lat' dir='ltr'><strong>juveni,</strong></span> <span class='ocrx_word' id='word_1_434' title='bbox 855 3967 1008 4020; x_wconf 85' lang='lat' dir='ltr'><strong>Haunibaii.</strong></span> <span class='ocrx_word' id='word_1_435' title='bbox 1021 3969 1062 4021; x_wconf 81' lang='lat' dir='ltr'><strong>Cf.</strong></span> <span class='ocrx_word' id='word_1_436' title='bbox 1076 3967 1111 4018; x_wconf 88' lang='lat' dir='ltr'><strong>ad</strong></span> <span class='ocrx_word' id='word_1_437' title='bbox 1124 3968 1169 4031; x_wconf 87' lang='lat' dir='ltr'><strong>tx,</strong></span> <span class='ocrx_word' id='word_1_438' title='bbox 1181 3966 1245 4019; x_wconf 79' lang='lat'><strong>562.</strong></span> 
     </span>
     <span class='ocr_line' id='line_1_42' title="bbox 190 4049 1246 4122; baseline -0.001 -21"><span class='ocrx_word' id='word_1_439' title='bbox 190 4069 389 4122; x_wconf 84' lang='lat' dir='ltr'><strong>puam.-non</strong></span> <span class='ocrx_word' id='word_1_440' title='bbox 399 4050 641 4104; x_wconf 78' lang='lat' dir='ltr'><strong>Adstabatresniia</strong></span> <span class='ocrx_word' id='word_1_441' title='bbox 655 4049 693 4101; x_wconf 81' lang='grc' dir='ltr'><strong>Ιο-</strong></span> <span class='ocrx_word' id='word_1_442' title='bbox 774 4051 834 4119; x_wconf 69' lang='grc'>487.</span> <span class='ocrx_word' id='word_1_443' title='bbox 855 4050 958 4111; x_wconf 82' lang='lat' dir='ltr'><strong>iusidt&#39;t,</strong></span> <span class='ocrx_word' id='word_1_444' title='bbox 979 4069 1040 4100; x_wconf 90' lang='lat' dir='ltr'><strong>eum</strong></span> <span class='ocrx_word' id='word_1_445' title='bbox 1061 4059 1158 4118; x_wconf 87' lang='lat' dir='ltr'><strong>quarto</strong></span> <span class='ocrx_word' id='word_1_446' title='bbox 1177 4066 1246 4100; x_wconf 71' lang='lat' dir='ltr'><strong>earu</strong></span> 
     </span>
     <span class='ocr_line' id='line_1_43' title="bbox 190 4128 1245 4202; baseline -0.002 -21"><span class='ocrx_word' id='word_1_447' title='bbox 190 4149 234 4197; x_wconf 86' lang='lat' dir='ltr'><strong>ro,</strong></span> <span class='ocrx_word' id='word_1_448' title='bbox 259 4149 362 4183; x_wconf 86' lang='lat' dir='ltr'><strong>summa</strong></span> <span class='ocrx_word' id='word_1_449' title='bbox 386 4135 505 4184; x_wconf 88' lang='lat' dir='ltr'><strong>omnium</strong></span> <span class='ocrx_word' id='word_1_450' title='bbox 523 4129 691 4202; x_wconf 72' lang='lat' dir='ltr'><strong>perturbati·</strong></span> <span class='ocrx_word' id='word_1_451' title='bbox 735 4133 867 4199; x_wconf 83' lang='lat' dir='ltr'><strong>junctum.</strong></span> <span class='ocrx_word' id='word_1_452' title='bbox 879 4130 940 4181; x_wconf 81' lang='lat' dir='ltr'><strong>vid.</strong></span> <span class='ocrx_word' id='word_1_453' title='bbox 955 4129 990 4182; x_wconf 80' lang='lat' dir='ltr'><strong>ed</strong></span> <span class='ocrx_word' id='word_1_454' title='bbox 1003 4131 1101 4187; x_wconf 67' lang='lat' dir='ltr'><strong>min</strong></span> <span class='ocrx_word' id='word_1_455' title='bbox 1115 4130 1146 4178; x_wconf 89' lang='lat' dir='ltr'><strong>V.</strong></span> <span class='ocrx_word' id='word_1_456' title='bbox 1158 4128 1245 4188; x_wconf 77' lang='lat' dir='ltr'><strong>b.‚et</strong></span> 
     </span>
    </p>
   </div>
   <div class='ocr_carea' id='block_1_5' title="bbox 0 0 1316 4808">
    <p class='ocr_par' dir='ltr' id='par_1_10' title="bbox 0 0 1316 4808">
     <span class='ocr_line' id='line_1_44' title="bbox 0 0 1316 4808; baseline 0 3"><span class='ocrx_word' id='word_1_457' title='bbox 0 0 1316 4808; x_wconf 95' lang='lat' dir='ltr'><strong> </strong></span> 
     </span>
    </p>
   </div>
  </div>
 </body>
</html>
