2624 4808
372 381 918 448 PUNICORUMLIB.X11.

137 519 348 609 Parthenope,
361 545 430 587 non
443 522 537 587 dives
549 544 668 611 opum,
682 544 751 584 non
763 537 875 610 spreta
887 521 1008 610 vigoris
1021 547 1027 584 :

134 622 190 686 Sed
203 646 314 713 portus
328 645 455 692 traxere
469 626 589 692 ducem
604 649 717 691 secura
731 626 899 691 volentem

135 730 368 822 AEquora‚quae
381 748 511 823 peteret
524 732 661 795 veniens
674 729 871 818 Carthagine
885 732 1016 822 puppis.
1102 744 1108 757 ¹
1145 744 1175 789 ³⁰

134 835 218 902 Hunc
230 840 344 903 molles
359 840 433 904 urbi
447 841 544 915 ritus,
557 856 657 929 atque
669 835 801 924 hospita
815 837 921 903 Musis

132 941 210 1022 Otia,
225 963 258 1010 et
270 964 438 1012 exemtutu
450 947 537 1011 curis
551 943 756 1035 gravioribus
770 956 889 1009 aevutn.

159 1148 191 1193 2⁸.
214 1152 291 1197 Verba
316 1170 361 1197 non
385 1162 460 1215 spreta
485 1156 566 1218 viperis
590 1165 699 1214 corrupta
724 1152 862 1198 ridebantur
881 1149 974 1198 Haeduo
994 1151 1054 1201 Adv.
1074 1150 1116 1205 w,
1139 1166 1178 1205 ro,

131 1215 165 1261 nbi
181 1217 238 1266 bane
256 1223 352 1284 putabat
370 1237 445 1286 poetae
464 1238 566 1270 mentem
584 1239 648 1278 eree,
668 1239 715 1267 non
732 1237 830 1284 propter
847 1240 916 1284 opes,
937 1237 979 1267 uec
999 1219 1064 1283 quod
1081 1219 1178 1280 gloriam

131 1303 155 1332 ex
171 1292 264 1337 victoria
277 1308 405 1356 quareret,
419 1296 493 1341 Hunu.
508 1295 538 1342 ad
555 1295 668 1356 Neapol'm
684 1296 795 1351 maritae,
815 1294 857 1341 ted
872 1306 955 1357 portur
972 1294 1054 1355 prelia.
1074 1291 1179 1351 Hegandi

131 1374 180 1406 vtro
195 1365 306 1423 particula
323 1368 465 1412 eontrarium
481 1367 559 1413 infert.
578 1369 636 1413 lliuc
652 1381 674 1412 et
692 1376 739 1410 tum
754 1375 830 1431 spreta
847 1369 928 1429 viperis
947 1367 1031 1426 corrig.
1052 1366 1081 1408 N.
1097 1364 1176 1408 Helue.

130 1446 168 1475 nm
176 1431 237 1489 lum,
249 1436 285 1482 vel
295 1438 396 1499 nonfetu
405 1441 486 1502 viqortkt
496 1441 573 1484 Burni.
585 1455 631 1484 non
641 1456 709 1501 aspra
720 1442 778 1500 (pro
787 1439 880 1501 aspere)
889 1441 970 1501 viperis
978 1436 1067 1482 blareil.
1078 1435 1108 1483 ud
1119 1435 1174 1481 Hor.

130 1502 195 1564 epod.
203 1507 230 1551 l'.
239 1508 285 1553 Sed
292 1510 400 1557 ontuibua
411 1509 446 1556 bit
460 1527 508 1557 nou
520 1527 592 1574 apuu
605 1528 683 1573 neque
692 1528 718 1559 ea
727 1512 787 1557 lone
796 1514 819 1556 in
829 1523 930 1556 mentem
938 1511 1054 1556 reuiuent
1061 1510 1114 1553 viria
1124 1508 1179 1553 doc-

130 1577 165 1629 fi‘·
178 1580 219 1624 nisi
231 1580 261 1625 de
274 1581 331 1628 urbe
344 1585 392 1628 otio
404 1600 431 1629 ac
442 1583 535 1630 mollitie
546 1584 665 1629 diffluente
677 1587 823 1645 cogitamur.
835 1583 879 1628 Sed
890 1596 960 1645 poeta
972 1584 1021 1644 ipse
1031 1594 1145 1627 memorat
1155 1596 1177 1625 v.

129 1650 151 1701 ll
164 1665 211 1713 req.
225 1666 248 1696 et
260 1653 288 1699 53
300 1670 350 1717 seq.
363 1654 525 1716 Neapolitanos
535 1656 626 1702 sortiter
636 1655 690 1701 olim
703 1655 824 1700 Hannibali
836 1669 990 1717 repugnante,
1000 1668 1062 1699 nuuc
1073 1669 1130 1699 vero
1142 1655 1177 1711 (v.

128 1718 165 1773 3¹2
178 1720 230 1781 3².)
243 1726 267 1770 iu
279 1728 328 1771 otiu
339 1729 433 1779 vivere;
444 1727 474 1772 cl.
488 1740 536 1772 not.
552 1753 584 1763 -
597 1728 635 1773 30.
649 1744 706 1792 quos
716 1737 785 1792 pelen
794 1737 803 1772 t
813 1730 898 1788 tutpic.
913 1729 940 1771 N.
954 1727 1035 1770 Heiut.
1048 1738 1074 1770 ut
1085 1725 1114 1772 ad
1125 1740 1180 1787 por·-

128 1799 160 1834 Μ
172 1790 310 1841 referretur,
322 1796 368 1841 Sed
381 1795 472 1843 doctior
481 1796 542 1845 forte
555 1798 655 1857 vulgata.
666 1824 697 1834 —
709 1798 747 1844 31.
760 1801 827 1844 Nunc
839 1797 888 1843 Col.
900 1798 942 1841 01.
957 1808 980 1841 et
989 1795 1047 1841 Tell.
1059 1811 1113 1842 eum
1123 1795 1177 1842 edd.

128 1860 207 1919 uini,
217 1866 282 1926 quod
293 1881 356 1914 reete
365 1868 472 1930 probavit
484 1871 512 1914 b'.
525 1871 605 1937 lleinp.
618 1870 670 1917 coll.
684 1886 706 1916 v.
721 1870 767 1932 396
779 1886 813 1931 eq⁴
828 1882 851 1917 et
860 1868 939 1930 virgil.
951 1870 1000 1914 AEn.
1013 1869 1048 1922 ΙΙ,
1064 1884 1101 1924 ar,
1116 1873 1123 1925 (
1130 1871 1181 1930 qui·

127 1931 166 1979 but
176 1934 232 1983 lucie
245 1938 299 1983 add.
315 1956 367 2002 nup.
382 1942 404 1996 1,
419 1941 476 2001 293]
495 1955 520 1989 ut
533 1955 600 2003 poen
617 1957 671 2001 apat
687 1943 717 1989 de
733 1959 777 1989 eno
794 1954 913 2003 tempore,
926 1956 974 2001 quo
991 1940 1064 1986 nudie
1081 1941 1180 1987 maxime

127 2002 217 2066 Neapoli
230 2007 320 2055 exculta
332 2011 384 2054 rint.
402 2009 466 2055 ldem
478 2022 500 2056 et
515 2013 568 2055 Iam
582 2009 661 2059 molles
672 2011 717 2073 legi
733 2028 802 2074 poue
814 2011 983 2065 erlritrabatun
996 2010 1027 2055 ef.
1041 2010 1071 2056 ad
1083 2011 1126 2065 xl,
1140 2009 1177 2065 4ι.

127 2181 329 2245 temporumque
339 2177 443 2228 ratione
454 2176 560 2243 babitu,
572 2196 627 2228 me·
673 2179 771 2241 nasiis,
795 2175 923 2240 theatris,
946 2172 1091 2245 agonibus,
1113 2184 1180 2237 eto,

126 2254 251 2313 morant,
266 2272 325 2324 quae
338 2257 462 2326 graviora
472 2255 627 2309 viderentur
673 2276 783 2327 operam
796 2255 907 2308 darent:
923 2252 996 2304 unde
1013 2265 1039 2304 et
1056 2270 1139 2323 supra
1152 2269 1177 2302 v.

125 2344 280 2384 ornatumve
290 2336 396 2405 epicum
409 2335 589 2399 admitterent,
601 2349 627 2386 et
673 2355 721 2406 27,
733 2337 805 2388 mitis
819 2335 1000 2404 Punbenope;
1016 2335 1089 2384 conf.
1099 2332 1177 2385 Ovid.

126 2409 152 2459 lu
166 2409 256 2476 ltalia,
271 2432 326 2465 uon
340 2428 414 2467 extra
428 2434 502 2479 earn,
520 2418 547 2467 in
566 2417 626 2466 His·
672 2416 735 2466 Met.
748 2416 805 2480 XV,
820 2431 884 2484 7113
897 2411 1014 2475 Martial.
1026 2413 1059 2476 V,
1071 2414 1117 2481 783
1132 2416 1179 2465 Pe-

126 2491 217 2558 pania,
229 2507 310 2563 gestu
320 2508 416 2547 essent.
428 2497 467 2547 De
478 2493 530 2545 hoc
541 2508 627 2565 poetae
672 2508 742 2545 tron.
761 2492 814 2544 Sat.
836 2512 859 2543 c.
874 2492 889 2544 5
895 2513 902 2554 ;
923 2494 995 2562 Virg.
1022 2492 1119 2563 Georg.
1131 2493 1180 2556 IV,

127 2586 196 2621 more
210 2569 325 2624 disserui
337 2576 364 2624 in
377 2578 478 2627 Comm.
492 2573 526 2624 de
539 2575 592 2625 vita
602 2587 628 2625 et
673 2574 723 2641 564
733 2595 739 2634 ;
751 2573 816 2625 Stat.
829 2572 891 2624 silv.
903 2575 950 2636 lll,
964 2591 992 2636 v,
1005 2571 1056 2633 85;
1067 2573 1177 2624 Gesner.

127 2665 206 2700 carm.
226 2650 272 2703 Sil.
288 2666 353 2704 eect.
368 2654 404 2719 ll,
427 2653 471 2704 lin.
492 2653 626 2707 llannibal
672 2652 707 2705 ad
726 2656 817 2706 Horat.
840 2651 927 2723 Epod.
941 2652 979 2715 V,
1001 2670 1025 2701 v.
1042 2651 1076 2716 43
1091 2653 1178 2720 inpr.;

129 2728 180 2778 aad
191 2749 276 2794 mare,
286 2734 407 2802 proxime
417 2733 560 2804 Neapolim
569 2733 627 2785 des·
671 2732 793 2797 Strabv,
805 2752 865 2803 pag.
876 2733 937 2800 378,
948 2744 975 2782 et
988 2729 1093 2781 Camilli
1102 2749 1179 2801 pere·

126 2808 227 2875 cendit,
252 2811 366 2881 cupidus
388 2815 512 2864 maritimi
532 2812 627 2884 oppidi
671 2815 877 2888 griniCampan.
888 2812 1040 2865 lelioDist.
1050 2811 1091 2871 ll,
1102 2812 1125 2878 S.
1138 2829 1179 2863 ar.

126 2888 261 2958 potiundi,
281 2908 336 2961 quo
350 2909 442 2942 cursus
457 2891 569 2943 naribus
587 2906 626 2943 tu·
673 2895 789 2949 Witbol.
807 2907 912 2959 monet,
929 2911 1018 2943 veram
1035 2889 1181 2943 verborum

127 2982 166 3021 tur
181 2989 214 3020 ex
226 2972 320 3024 Africa
334 2984 441 3033 essen»
459 2973 512 3022 Liv.
528 2973 628 3038 xxlss,
673 2976 903 3027 constructionem
927 2990 985 3024 eree
1006 2970 1095 3023 hanc:
1117 2972 1180 3023 Non

129 3049 166 3099 15.
181 3047 221 3099 Cf.
241 3063 266 3101 et
280 3068 339 3121 cap.
358 3050 397 3115 14.
410 3050 442 3089 '-
457 3053 498 3103 28.
519 3051 630 3102 Parthe-
674 3056 855 3125 Parthenope,
867 3054 936 3104 dives
946 3070 1042 3121 opum,
1061 3050 1130 3117 dives
1145 3053 1181 3103 vi·

127 3147 191 3197 nepe
205 3143 282 3181 vetus
299 3149 397 3182 nornen
414 3130 551 3201 Neapolis.
566 3131 627 3182 Vid.
672 3138 757 3208 poris,
782 3146 867 3206 spreta
894 3134 944 3184 fuit
971 3130 1006 3182 ab
1028 3131 1179 3184 Hannibale

127 3205 159 3257 ad
169 3209 240 3272 Vlll,
250 3210 311 3276 534.
319 3208 477 3280 Neapolim,
488 3228 542 3260 non
554 3209 628 3281 quod
675 3213 791 3284 ideoque
803 3215 909 3278 invasa,
924 3212 967 3265 sed
978 3221 1067 3282 portus
1084 3224 1182 3263 traxere

127 3286 200 3340 dives
212 3302 296 3353 esset,
315 3309 365 3341 nec
385 3289 459 3360 quod
479 3290 629 3341 incolarum
674 3295 780 3354 ducem,·
793 3307 822 3344 ut
835 3309 928 3344 seusus
941 3293 973 3341 sit
984 3312 989 3339 :
1002 3290 1180 3343 Hannibalern

127 3370 249 3421 virtutem
261 3371 589 3440 sperneret,potiesimum
599 3389 630 3421 ae
675 3376 804 3426 invasisse
815 3393 874 3425 earn
887 3372 996 3438 urbem,
1007 3389 1060 3422 non
1072 3371 1107 3422 ob
1119 3390 1183 3423 con·

127 3468 179 3518 prae
189 3449 248 3501 aliis
261 3463 365 3502 tentare
375 3452 468 3501 statuit
481 3447 630 3516 Hannibal,
677 3470 788 3507 temtum
798 3457 894 3508 virium
907 3456 979 3524 ejus,
993 3451 1041 3504 sed
1054 3452 1089 3504 ob
1102 3456 1180 3504 situm

127 3529 173 3581 sed
190 3545 219 3581 ut
237 3544 346 3602 portum
363 3529 490 3594 baberet,
507 3532 533 3581 iu
551 3549 631 3601 quem
676 3551 780 3608 portus.

128 3627 219 3662 secure
231 3629 327 3675 nam,
340 3630 398 3681 quae
409 3625 588 3663 commeatum
599 3629 631 3661 80
715 3621 757 3670 32.
769 3616 829 3667 Oria
839 3615 951 3685 hospita,
961 3613 1184 3683 familiaria,gra-

128 3691 248 3745 subsidia
259 3692 421 3764 Cartbagine
438 3690 631 3757 subveherent,
676 3694 1184 3762 ta,Mutis‚virisdoctia.EaesseVir-
1281 3746 1287 3755 ,

130 3772 264 3844 adpellere
277 3786 397 3845 possent.
415 3776 455 3826 lta
471 3772 587 3827 Drakon.
605 3786 632 3825 et
676 3776 741 3847 gilio
752 3787 841 3826 amata
850 3812 858 3837 ,
867 3787 893 3825 et
904 3774 937 3825 ad
949 3774 1027 3842 liujus
1039 3775 1186 3824 monimen·

126 3854 181 3919 jam
200 3865 261 3905 ante
279 3872 340 3905 eum
354 3853 454 3923 Daueq.
470 3882 505 3891 —
518 3854 567 3919 31,
587 3854 629 3904 32.
678 3868 733 3906 turn
750 3853 868 3925 (dequo
879 3854 933 3905 vid.
945 3855 1017 3905 infra
1028 3854 1054 3903 in
1067 3851 1120 3904 boc
1130 3853 1182 3903 vol.

130 3933 271 4004 Neapolim
281 3932 454 3985 indeaSullae
464 3932 632 4003 temporibus
677 3934 938 3986 commentationem
959 3933 992 3984 de
1008 3933 1064 3985 Silii
1084 3934 1137 3984 vita
1158 3944 1184 3983 et

131 4014 225 4063 summi
242 4011 371 4083 doctique
388 4014 436 4064 viri
455 4012 634 4079 secedebant,
678 4017 796 4067 carmine
809 4014 879 4067 Sert.
895 4017 920 4079 l,
937 4013 1000 4081 lin.)
1020 4028 1127 4084 poetam
1141 4031 1183 4063 re-

132 4105 160 4143 ut
172 4091 210 4143 ibi
219 4094 273 4145 otio
283 4095 421 4146 Musarum
432 4094 596 4157 fruerentur,
608 4104 634 4144 et
679 4095 795 4164 apexitse
815 4094 1023 4166 suspicabantur
1042 4095 1142 4162 Dausq.
1158 4104 1184 4145 et

131 4169 274 4225 levioribus
286 4172 398 4239 studiis,
409 4174 436 4225 in
448 4173 546 4226 Graecis
560 4191 635 4246 εγω·
679 4172 816 4229 Cellarius.
