2624 4808
377 360 692 428 PUNlCOllUM
716 362 809 425 LlB.
833 362 920 427 llll.

121 504 244 592 Atque,
258 526 375 569 recens
389 505 463 569 caesi
476 520 570 590 tergo
582 501 736 591 prolapsa
744 502 896 593 juvenci,

129 611 322 699 AEquoream
336 627 408 675 rota
422 609 566 674 ducebat
579 632 640 698 per
652 610 798 697 gramina
810 613 961 700 puppim.

132 717 172 780 Et
178 717 257 807 jam,
272 741 334 806 per
346 718 448 783 colles
462 717 650 806 dumosque
663 715 705 780 ad
718 717 796 781 litus
809 717 938 798 adacta,

137 825 265 891 lnnabat
277 828 397 918 pelago
409 827 547 891 veniens
560 826 631 890 siue
644 825 770 912 remige
783 825 905 890 classis.

177 933 311 998 Nuntius
325 936 452 998 interea
464 932 568 997 vectis
581 954 649 995 non
661 954 754 995 more
767 931 886 995 carinis

144 1037 323 1104 Tenentem
337 1040 419 1105 freta
432 1062 588 1102 curarum
600 1036 788 1102 fervoribus
801 1037 921 1125 inplet,

149 1144 218 1208 Dum
230 1144 344 1233 procul
357 1143 515 1211 OEbalios
528 1161 616 1208 amet
629 1165 819 1231 expugnare
831 1159 985 1232 nepotes,

152 1248 182 1311 Et
191 1251 308 1337 primus
320 1252 435 1316 rostris
449 1250 556 1315 sulcet
568 1248 740 1315 navalibus
752 1272 843 1327 arva,

153 1352 285 1421 adsessos
297 1358 419 1445 Capuae
432 1378 561 1430 muros,
575 1356 718 1420 claustra
731 1356 801 1443 ipsa
814 1355 929 1419 revelli

155 1460 317 1540 Portarum,
330 1484 368 1526 ac
382 1479 489 1528 totutn
503 1462 632 1526 miseris
645 1462 816 1525 incurrere
828 1460 964 1525 bellum.

155 1566 264 1658 linquit
276 1587 383 1660 coepta
397 1570 505 1647 ferox,
518 1592 713 1658 pennasque
727 1567 873 1633 addente
885 1568 1016 1657 pudore
1137 1583 1182 1640 4¹55

155 1676 238 1766 Atque
250 1678 296 1742 ira
309 1679 423 1755 simul,
438 1678 562 1743 inmani
576 1701 636 1765 per
648 1677 797 1766 proxima
811 1694 903 1741 motu

154 1781 262 1863 lirolat,
276 1801 309 1848 et
322 1784 477 1848 minitans
490 1782 585 1848 avida
598 1781 641 1848 ad
653 1783 834 1848 certamina
847 1782 962 1847 fertur.

154 1885 231 1953 lltud
243 1913 355 1968 secus,
367 1891 489 1955 amisso
503 1889 594 1976 tigris
607 1890 632 1952 si
645 1888 774 1952 concita
787 1888 860 1952 fetu

150 2091 192 2128 nrt
200 2084 246 2130 Col.
258 2085 349 2139 sidunt,
361 2083 399 2129 vel
411 2088 505 2138 iterant,
516 2083 556 2129 vel
567 2085 655 2129 addunt
668 2083 760 2130 emend.
773 2086 800 2130 N.
815 2085 893 2130 lleiut.
907 2084 1046 2131 substumino
1059 2089 1145 2150 scripti.
1158 2114 1189 2126 -·

148 2152 191 2210 445.
200 2154 303 2218 perlapsa
313 2156 375 2217 conj.
387 2155 468 2218 Scaliq.
480 2169 503 2202 et
512 2157 601 2218 recepit
613 2155 668 2202 Cell.
679 2182 710 2191 -
720 2156 773 2217 449.
784 2161 833 2202 sine
843 2173 904 2203 more
913 2160 998 2218 corrig.
1011 2161 1039 2202 N.
1050 2159 1129 2205 lleius.
1142 2160 1188 2207 trid.

147 2237 185 2269 not.
202 2225 230 2271 ad
248 2227 280 2279 x,
300 2225 338 2271 31.
355 2225 401 2271 Sed
415 2242 488 2289 quum
508 2226 582 2288 simpl.
600 2227 689 2273 dicatur
706 2243 767 2272 more
784 2227 872 2291 aliquid
882 2227 964 2290 fucere
982 2229 1041 2286 (vid.
1063 2231 1143 2276 lleins.
1160 2233 1191 2278 ad

146 2293 224 2342 lbaedr.
236 2299 259 2352 l,
276 2299 329 2356 ts),
343 2300 411 2344 etiam
424 2298 468 2343 diei
480 2314 549 2359 posse
564 2315 625 2344 more
636 2299 766 2361 nonfacere
778 2312 857 2345 monet
871 2299 941 2345 llral.
950 2300 1040 2357 -451,
1054 2313 1106 2347 ovet
1117 2302 1189 2351 edidit

145 2367 248 2414 biunder
260 2382 284 2415 et
296 2367 349 2414 binc
362 2370 411 2425 alii,
425 2369 534 2416 OEluL'os
542 2380 637 2434 penates
649 2371 711 2431 conj.
724 2373 752 2416 N.
766 2373 843 2417 lleirts.
858 2373 898 2433 qui
907 2383 983 2418 tamen
998 2375 1047 2435 ipse
1059 2373 1189 2431 fatebatur,

143 2437 178 2482 ribi
187 2436 258 2483 rideri
268 2437 323 2485 nibil
334 2455 427 2485 neeesse
439 2453 536 2486 nnttsre.
549 2443 658 2487 Ceterum
669 2442 739 2502 vulqo
749 2457 873 2504 perperam
882 2456 994 2504 punctum
1004 2457 1056 2504 port
1067 2443 1137 2506 inplet
1148 2459 1193 2506 po-

143 2508 216 2563 situm,
229 2510 298 2554 etiam
309 2511 334 2553 in
346 2510 383 2555 ed.
398 2511 469 2558 llralt.
483 2512 583 2556 Nuntius
595 2527 640 2556 rsr.
654 2512 726 2568 451...
742 2510 787 2567 454
798 2515 937 2559 continetur.
948 2538 978 2548 -
988 2512 1041 2568 451.
1056 2516 1088 2560 Ut
1099 2517 1190 2576 scripti,

143 2579 165 2622 1.
180 2595 203 2635 1,
216 2581 289 2626 Parm.
304 2580 410 2626 bled·
419 2581 474 2637 453.
488 2584 608 2637 Assessos‚
620 2584 657 2629 rel
669 2585 781 2629 Adsessos
791 2584 840 2631 Col.
852 2586 926 2631 Oron.
938 2588 964 2631 ll.
981 2603 987 2632 1
999 2621 1004 2641 ,
1018 2587 1094 2633 Pnrm.
1106 2587 1192 2650 Adfer-

140 2662 173 2693 1111
185 2650 234 2694 tut.
248 2662 270 2694 et
283 2650 347 2695 Med.
361 2650 470 2697 Obsessos
484 2653 554 2697 Mars.
567 2665 590 2697 et
603 2652 657 2698 inde
669 2652 719 2708 alii,
731 2653 777 2698 vid.
789 2653 818 2698 ad
831 2655 875 2708 tx,
889 2655 943 2712 614.
956 2681 987 2690 -
998 2654 1051 2711 454.
1065 2656 1193 2702 incumbere

140 2719 237 2765 malebat
249 2722 277 2764 N.
290 2722 369 2767 Heius.
383 2735 467 2784 puttuts'
479 2736 569 2779 tamen,
583 2723 698 2785 vulgatam
711 2725 763 2770 lect.
775 2725 821 2772 alio
833 2725 879 2770 Silii
891 2724 956 2782 loco,
969 2728 1009 2782 tv,
1025 2727 1083 2783 651,
1097 2729 1192 2773 firmari.

139 2812 169 2827 -·
179 2791 233 2850 456.
248 2793 303 2838 Post
315 2796 401 2838 inmuni
411 2794 600 2855 distinguendum
612 2796 722 2842 censebat
735 2798 762 2840 N.
775 2798 852 2842 lleins.
866 2814 937 2860 quent
949 2810 1062 2860 sequutus
1075 2809 1109 2842 est
1122 2798 1193 2843 Dralt.

139 2861 191 2906 llou
202 2861 302 2908 multum
315 2866 418 2910 interest.
429 2890 460 2900 -
471 2867 525 2926 457.
539 2882 599 2911 noun
610 2868 641 2911 att
653 2871 778 2912 certamina
791 2866 851 2925 (vid.
864 2866 893 2911 nd
905 2868 928 2923 l,
942 2866 999 2926 549)
1011 2866 1136 2926 legendum
1150 2882 1194 2927 pu-

139 2930 201 2976 tabet
211 2934 238 2976 N.
251 2932 330 2978 lleins.
346 2945 369 2978 et
380 2935 444 2979 avide
456 2935 526 2980 Dral.
540 2935 606 2998 quod
617 2940 685 2982 tacite
697 2939 783 2982 interit
797 2937 877 2981 Leleb.
892 2937 937 2981 Sed
950 2937 1033 2997 adjeet.
1046 2935 1137 2980 doctius
1150 2951 1195 2997 pro

175 3104 236 3170 445.
250 3104 413 3177 Conl.Virp.
426 3105 528 3158 AEneid.
543 3111 580 3173 V,
593 3107 645 3159 3111
691 3122 793 3179 nepotes
817 3107 937 3172 ostatu,
960 3106 986 3158 lt.
1009 3127 1032 3158 e.
1054 3104 1193 3178 Spartani,

142 3199 217 3254 seqq.
231 3214 264 3222 -
276 3185 336 3254 447
352 3188 414 3236 llaec
429 3199 511 3255 poeta
530 3186 646 3238 absurde
692 3206 806 3260 quorum
828 3187 961 3237 coloniam
980 3187 1125 3237 Tarentum
1147 3186 1194 3239 de-

142 3282 227 3335 prope
240 3278 266 3316 et
278 3277 372 3316 contra
385 3268 524 3316 veritatem
536 3264 646 3316 ltistori·
691 3266 766 3317 duxit
777 3266 930 3317 Phalantus.
942 3264 1002 3316 Vid.
1014 3265 1048 3316 ad
1058 3269 1118 3331 Vll,
1131 3265 1192 3320 665.

144 3343 301 3410 carnfinxit,
314 3356 343 3394 ut
356 3346 549 3415 strategematis
568 3347 649 3396 mira·
728 3346 910 3414 451.οΕὁαὶιις
918 3348 1021 3417 priscus
1029 3346 1195 3400 Lacedaemo-

145 3424 235 3477 culum
247 3439 371 3496 augerem
383 3425 446 3476 Ern.
692 3430 733 3477 nis
751 3446 812 3492 rex,
831 3424 965 3497 Tyndarei
981 3439 1070 3496 pater,
1086 3427 1196 3480 undeet

178 3508 232 3576 449
258 3524 317 3577 sqq.
342 3505 475 3559 llannibal
498 3508 648 3558 'l'arentinae
696 3507 859 3577 Tyndariunt
874 3507 1017 3557 Tarentum
1035 3506 1101 3558 dixit
1117 3508 1197 3561 Silius

146 3590 214 3641 ateis
239 3587 440 3659 obpugnatione
462 3587 567 3639 absistit
585 3608 648 3661 rap·
695 3589 742 3638 int.
756 3587 813 3651 XV,
827 3586 887 3639 310.
899 3586 939 3637 Cf.
951 3585 1020 3653 adl,
1034 3587 1059 3638 6.

146 3670 247 3739 timque
264 3667 403 3720 contendit
414 3669 550 3739 Capuam,
570 3687 649 3739 quam
731 3668 791 3735 752.
805 3669 906 3717 Primus
920 3668 946 3716 iu
957 3678 1027 3718 terra
1040 3669 1114 3738 quasi
1124 3669 1198 3719 navi·

146 3747 266 3801 obsideri
288 3768 303 3801 a
324 3751 450 3800 Romanis
471 3762 647 3820 compererat.
695 3760 747 3818 get.
765 3745 816 3798 Sed
832 3746 902 3797 idem
916 3748 972 3816 jntn
985 3747 1087 3798 lecerat
1101 3747 1199 3819 Lysan-

148 3828 189 3880 Cl'.
198 3828 255 3880 Liv.
266 3829 349 3895 XXV,
362 3830 393 3881 13
404 3847 459 3898 sq.,
470 3828 539 3900 inpr.
550 3829 648 3894 XXVl,
696 3828 753 3880 der.
765 3847 790 3878 ν.
804 3829 921 3880 Frontin.
933 3829 1044 3899 Str-areg.
1056 3830 1080 3892 l,
1094 3847 1124 3894 v,
1136 3847 1160 3899 7.

148 3907 180 3975 4,
191 3907 223 3973 5,
237 3908 335 3978 quihus
350 3908 416 3960 locis
429 3911 581 3961 accuratius
594 3928 652 3961 om·
732 3908 792 3977 455.
805 3928 905 3981 pennas
918 3910 1028 3961 addente
1040 3912 1154 3980 pudore,
1170 3924 1201 3962 ut

150 3989 197 4040 uia
215 3990 355 4061 fusiusque
376 4002 528 4042 narrantur.
542 4020 576 4029 -
590 3991 651 4058 450.
696 3991 803 4064 pedibus
823 3992 904 4042 timor
923 3991 1025 4043 addidit
1046 3992 1101 4044 alas
1127 3990 1200 4063 apud

152 4069 300 4123 Terrentem
312 4070 399 4140 freta,
412 4089 494 4121 mare.
508 4070 568 4122 Vitl.
582 4071 653 4137 adl,
698 4073 769 4142 Virg.
784 4073 841 4122 llin.
852 4073 925 4136 Vlll,
938 4071 997 4136 114.

151 4149 200 4222 49,
210 4162 237 4202 et
247 4151 297 4212 111,
309 4149 368 4216 465.
379 4151 518 4203 Tarentini
528 4149 654 4202 dicuntur
735 4151 794 4216 458.
813 4152 986 4221 Comparatio
1000 4152 1062 4201 satis
1075 4152 1200 4220 frequens
