2624 4808
320 343 636 409 PUNICORUM
660 345 753 408 ΗΒ.
779 345 864 410 Xll.

72 481 133 549 Sed
146 507 248 573 genus
261 485 414 573 insignis,
424 485 522 574 justis
535 482 678 550 ducebat
691 487 723 549 in
737 489 836 552 armis

75 591 222 658 Fulvius:
235 610 286 657 ast
298 615 394 680 aeque
407 615 466 680 per
478 614 616 679 corpora
630 592 702 655 fusa
712 593 883 679 jacentum

81 697 212 786 Ruptum
224 697 288 761 iter
300 713 365 774 est,
379 697 551 786 victorque
564 720 691 761 morani
706 721 771 761 non
787 721 901 784 passus
914 699 1015 764 eundi
1029 726 1035 763 z

84 802 241 892 Exsequiae
255 818 382 866 tantum
397 802 517 866 famam
532 824 724 890 nomenque
739 803 905 867 volentem

84 907 214 972 Mitilicae
227 910 348 971 mentis
361 922 542 972 tenuerunt
555 906 673 970 itinere
686 907 770 971 laeto.

86 1015 220 1105 Namque
232 1039 293 1104 per
305 1014 440 1081 insidias
453 1012 678 1098 (infanduml)
690 1031 723 1077 et
735 1014 776 1078 ab
790 1014 921 1104 hospite
934 1039 1050 1097 caesus,
1077 1036 1121 1097 47⁵
1200 1050 1206 1056 ·

84 1191 182 1240 toliern'nr
194 1209 275 1241 ense...
287 1193 399 1240 Fulvius:
411 1203 448 1240 ast
459 1208 690 1257 competentiora,
701 1204 745 1238 ete.
762 1196 875 1240 Centenio
887 1207 941 1241 octo
953 1208 1042 1242 tantuin
1053 1198 1124 1246 millia

81 1261 228 1311 niltuut'data
242 1280 305 1322 este,
316 1280 344 1312 ex
355 1267 406 1311 Liv.
420 1265 495 1321 XXV,
511 1280 551 1326 19,
563 1263 704 1325 intelligitur.
719 1265 780 1309 Idem
795 1265 863 1310 tradit
874 1264 929 1312 ibid.
942 1283 993 1329 cap.
1011 1284 1051 1323 tr,
1064 1269 1124 1315 duo·

81 1332 179 1396 ‹te-'giuti
188 1335 285 1383 millibne
298 1335 419 1383 bominum
430 1335 550 1398 praeiuiete
561 1335 681 1389 Fulvium,
697 1348 720 1381 et
735 1350 762 1380 ei
777 1337 803 1381 iic
813 1336 861 1381 tluu
871 1335 938 1382 millia
950 1336 1014 1385 lund
1026 1339 1124 1401 ampliat

78 1407 176 1450 “eduen
189 1406 245 1452 lude
260 1422 282 1452 v.
295 1400 353 1467 1169,
368 1405 445 1469 bisque
460 1421 539 1451 novem
553 1407 664 1467 euepieuri
675 1405 757 1466 potiit.
768 1403 814 1450 Sed
823 1407 875 1467 quie
888 1419 980 1467 poetam
994 1407 1081 1469 rediget
1095 1409 1126 1455 ed

77 1485 158 1521 tautam
169 1477 334 1524 subtilitatem?
342 1502 374 1513 -
383 1477 437 1539 47²·
451 1479 526 1523 eunus
534 1478 609 1523 Oxou.
623 1477 675 1521 l'nt.
687 1491 815 1538 omneequc
830 1475 883 1521 edd.
897 1490 950 1522 ante
961 1477 1026 1524 Bueil.
1036 1478 1123 1526 Wolfii.

74 1545 101 1591 ld
109 1550 242 1595 concinnius
251 1549 375 1596 ridebatur
384 1547 462 1596 Barth·
472 1549 531 1599 Adi.
542 1550 570 1605 V,
578 1549 601 1605 6,
612 1548 677 1611 quod
686 1560 749 1594 recte
759 1547 885 1594 mirabatur
894 1549 923 1594 tt.
935 1550 1011 1596 Heine.
1023 1554 1063 1613 qui
1074 1552 1125 1598 vul·

72 1630 148 1676 ptont
156 1618 209 1664 leet.
219 1619 337 1677 defendit,
349 1619 432 1666 additio
443 1632 521 1666 tamen
530 1618 564 1665 hie
576 1619 666 1664 verbio:
681 1639 690 1658 ι
700 1622 722 1663 Si
735 1619 790 1681 quid
799 1617 936 1664 mutandum
947 1622 988 1674 tit,
1000 1623 1125 1670 rescribam

71 1701 158 1732 nomm
171 1704 216 1735 non
231 1705 314 1752 possus
330 1690 425 1746 ouandi,
439 1705 469 1734 ne
487 1690 582 1752 quidem
596 1702 687 1750 temptet
701 1687 821 1750 triumpho
840 1688 949 1734 ducendo
966 1691 1103 1753 inpendent.
1114 1715 1124 1735 ι

67 1758 141 1819 Quod
155 1760 239 1807 nollent
256 1763 377 1809 excidiuet
392 1774 455 1808 tanto
471 1764 540 1808 viru:
561 1777 608 1807 non
627 1764 688 1807 enim
700 1762 729 1807 de
744 1761 804 1807 dure
817 1762 883 1805 llum.
900 1761 942 1807 ted
957 1763 986 1809 de
999 1765 1127 1812 Hannibale

65 1831 160 1891 agitur,
171 1843 195 1878 et
206 1833 326 1894 quomodo
338 1836 356 1880 ie
366 1846 389 1880 et
399 1835 424 1879 in
434 1832 498 1879 ltalia
508 1833 537 1879 de
547 1833 667 1896 triumpho
679 1836 781 1894 cogitare
793 1835 901 1895 poterat?
911 1844 978 1879 eunte
987 1835 1046 1880 Vcn.
1060 1837 1127 1882 Mar-

64 1905 101 1957 ei,
114 1904 182 1967 quod
192 1908 282 1951 monuit
293 1909 322 1951 N.
335 1908 414 1952 Helm.
428 1905 470 1953 ted
481 1908 573 1968 negarit
584 1904 655 1951 Drnk.
667 1931 697 1941 -
707 1906 760 1968 474.
775 1905 878 1966 Mitfiroe
886 1904 936 1951 Col.
951 1919 974 1952 et
986 1909 1037 1953 rut.
1047 1910 1127 1973 Artifi-

63 1991 94 2020 ce
104 1976 184 2022 Oxou.
193 1976 270 2041 Vulgo
280 1979 407 2041 Hornflcoe.
418 1980 506 2041 Deusq.
517 1979 579 2038 conj.
590 1978 729 2041 Honorificoe
739 1991 760 2024 et
770 1978 892 2039 Jtteb'ficoe,
902 1995 954 2041 quie
965 1979 1071 2026 cadaveri
1078 1982 1128 2043 jue·

62 2056 91 2091 aa
102 2044 174 2100 facin
186 2046 291 2094 Bertitiut
301 2048 359 2094 tdv.
368 2050 397 2106 V,
410 2048 438 2104 6;
452 2049 575 2111 llertfieoe,
586 2050 698 2111 equitant
711 2050 848 2110 respicient,
862 2047 900 2092 rel
912 2051 989 2109 potine
1001 2064 1128 2115 nomenque

62 2114 185 2162 laniem
200 2119 318 2181 Homflooe
332 2123 424 2175 mentis,
439 2120 525 2165 inritam
539 2118 693 2174 crudelitatis,
704 2135 751 2181 qua
762 2119 869 2164 omnibue
879 2133 962 2164 erotus
975 2133 1036 2175 erat,
1050 2120 1128 2168 levare

62 2189 205 2249 cupientem
218 2190 355 2252 repellendis
369 2190 471 2237 hostium
482 2191 593 2246 ducibut;
605 2193 634 2236 tt.
648 2193 755 2237 Heineiue
768 2189 1014 2253 novemquefooentem
1027 2193 1129 2254 Mittficoe

63 2263 168 2314 nenne,
183 2260 224 2306 ted
237 2263 287 2325 ipae
305 2262 416 2310 uolentem
433 2280 481 2309 non
495 2277 583 2311 temere
598 2263 735 2309 mutandum
751 2262 869 2310 censebat.
883 2287 913 2298 -
926 2261 980 2324 475.
998 2263 1026 2308 ab
1044 2263 1130 2329 bospite

62 2343 132 2376 creso
145 2328 195 2376 tol.
208 2343 232 2379 et
243 2332 318 2378 Onon.
331 2332 359 2379 ob
369 2331 392 2378 b.
405 2349 468 2379 cesso
479 2334 531 2379 Pur.
543 2334 565 2378 in
577 2331 600 2377 b.
613 2348 672 2379 cuso
683 2335 709 2377 ll.
724 2335 833 2388 t‚Parm.
846 2332 909 2376 Med.
917 2329 983 2378 'Nihil
992 2333 1128 2379 mutandum

65 2399 198 2446 videbatur
206 2403 235 2447 tt.
246 2404 326 2449 Helue.
340 2415 363 2450 et
372 2402 444 2449 Drak.
456 2402 493 2448 rel
504 2405 613 2464 cuiquam
622 2402 667 2448 alii.
678 2402 724 2448 Sed
735 2401 803 2448 lectio
814 2401 902 2462 vulgati
912 2405 1011 2463 primum
1023 2416 1129 2465 surpecte

65 2475 96 2517 tit
112 2483 153 2517 tot
165 2475 280 2538 tantieque
296 2473 485 2530 auctoritatum„
497 2475 577 2519 deinde
592 2490 605 2519 a
622 2477 691 2535 genio
702 2473 786 2535 linguae
802 2473 841 2519 lat.
857 2472 930 2519 aliena
942 2487 976 2519 eet
988 2486 1011 2519 et
1025 2474 1130 2522 imbrem

65 2540 148 2586 efficit
156 2543 298 2597 credonem
308 2547 389 2603 (uani,
402 2543 430 2587 ab
443 2543 528 2607 bospite
542 2559 626 2596 cesus,
637 2558 695 2588 roeeo
709 2545 861 2590 cin-umorue
872 2553 937 2596 usin,
950 2544 1079 2599 Occiderat,
1094 2548 1131 2590 rix

64 2612 160 2659 dixerit
169 2625 252 2674 poeta,
265 2627 288 2660 et
302 2615 385 2678 copula
397 2623 419 2660 et
431 2629 493 2662 certe
508 2628 560 2677 poet
573 2631 634 2661 coeto
644 2615 781 2676 inserenda)
792 2617 889 2679 denique
901 2614 1000 2661 historie
1013 2619 1130 2663 contraria

65 2765 130 2816 dux
140 2763 250 2818 ttttititiu
259 2779 284 2818 et
291 2769 439 2821 temeritate
448 2768 579 2821 Centenio
626 2771 755 2840 perierat,
767 2770 905 2840 exsequier,
916 2786 984 2839 quas
994 2765 1128 2818 Hannibal

66 2847 245 2917 pan—470.
257 2848 363 2920 insignit
374 2848 474 2918 (terti)
484 2867 579 2920 qenttt,
625 2852 681 2919 ipse
697 2847 865 2911 celebrabat,
882 2847 983 2911 volens,
999 2845 1023 2895 it.
1042 2865 1064 2895 e.
1079 2863 1130 2916 op-

67 2924 198 2977 nobilior
205 2926 343 2978 Centenio.
350 2928 389 2978 De
399 2941 477 2999 gente
487 2930 507 2978 F
509 2928 581 2991 ulria
626 2944 684 2982 tans
691 2969 699 2994 ‚
707 2932 834 2998 cupiens,
843 2927 1009 2990 desiderant,
1018 2939 1130 2996 captane

68 3024 97 3056 r.
119 3023 197 3056 meus
211 3005 329 3057 Tubulus
348 3005 457 3057 Geneal.
470 3009 582 3078 —jttsto
626 3009 670 3078 (ut
680 3008 725 3058 Gr.
737 3005 844 3074 Sinni),
850 3006 956 3076 famum
968 3002 1091 3076 mitificoe,
1103 3004 1131 3056 h.

67 3104 153 3138 unna
161 3098 188 3135 et
192 3087 279 3155 justus
287 3088 415 3138 exercitus
423 3085 508 3137 Fulvii
518 3105 583 3158 prie-
627 3108 650 3139 e.
664 3091 733 3137 initis
745 3085 792 3156 (ut
804 3084 876 3156 nputl
889 3084 969 3155 Apul.
983 3082 1016 3136 tle
1028 3083 1131 3135 Mundo

69 3169 160 3232 toris,
170 3184 224 3217 non
234 3167 422 3219 tumultuarius
433 3187 464 3219 ac
475 3170 584 3219 semier-
628 3181 693 3219 extr.
710 3179 736 3216 et
751 3164 875 3216 Prudent.
893 3166 1010 3215 Hamnrt.
1026 3164 1093 3233 963,
1107 3177 1133 3217 et

71 3250 147 3308 mis,
159 3265 246 3317 neque
258 3251 383 3317 precario
391 3250 442 3318 ipsi
453 3247 583 3309 traditus,
627 3245 679 3312 ntfi
692 3265 759 3305 onte,
776 3245 864 3316 ltymn.
880 3245 940 3310 Vll,
958 3244 1007 3310 42,
1019 3248 1066 3295 ulii
1077 3244 1131 3296 vid.

73 3344 108 3382 ut
124 3327 269 3394 Centenio,
282 3331 432 3380 centurioni
444 3329 582 3400 primipili.
629 3329 736 3395 Heius.)
746 3326 852 3389 mentis,
864 3324 1038 3375 humanitatis
1049 3339 1075 3377 et
1085 3327 1134 3376 mi·

74 3437 115 3449 -
128 3407 189 3476 471.
196 3410 349 3480 jacentum
360 3428 384 3460 u.
400 3408 433 3460 ad
447 3411 469 3459 ll
475 3447 483 3471 ,
498 3408 558 3476 574.
630 3409 780 3459 errationis.
793 3435 827 3447 -
839 3406 897 3474 474.
905 3406 1017 3476 funem
1029 3405 1083 3456 vid.
1098 3404 1134 3458 ud

119 3491 180 3557 472.
192 3491 306 3560 Raptum
322 3491 370 3541 iter
379 3501 416 3541 est
422 3512 432 3551 ,-
444 3489 497 3540 vid.
512 3489 546 3541 ad
559 3491 585 3556 1,
630 3490 663 3553 V,
680 3488 736 3540 156.
752 3516 787 3527 -
799 3485 872 3550 leto,
894 3504 947 3535 non
966 3484 1046 3535 modo
1060 3484 1134 3557 quod

78 3571 145 3640 570.
158 3599 192 3609 -
205 3588 306 3622 morum
323 3589 376 3622 non
390 3570 584 3643 pretereundi,
631 3566 767 3620 Graccliu-
780 3564 864 3616 hostis
877 3566 965 3616 fuerat
976 3579 1002 3616 et
1014 3564 1067 3616 dux
1079 3565 1134 3616 ior·

80 3652 218 3721 inpatiens
230 3669 324 3715 morte,
345 3667 423 3720 quum
441 3651 529 3701 itineri
543 3651 587 3702 in·
632 3653 664 3698 tio
676 3646 794 3715 bellique
809 3646 925 3713 peritus,
942 3643 1064 3714 adeoque
1080 3664 1136 3698 tne-

81 3729 182 3782 ciendo
196 3729 376 3802 inpendebut;
391 3731 480 3780 Heint.
633 3726 762 3790 tuendus,
776 3724 823 3776 sed
839 3725 912 3795 quoti
925 3739 1042 3776 armatus
1057 3744 1134 3778 exer-

122 3807 588 3878 473.commentartiiuetarestbiv.
634 3810 701 3858 citus
726 3807 797 3857 circa
817 3823 911 3876 rogum
935 3807 992 3874 ejus
1018 3809 1137 3858 cucurrit

84 3889 170 3954 XXV,
186 3889 230 3952 16,
248 3905 288 3960 17.
302 3888 380 3941 Conf.
394 3901 488 3959 ettup.
503 3887 537 3939 nd
550 3887 588 3952 x,
634 3905 693 3937 cunt
711 3885 835 3957 tripudiis
854 3885 1034 3955 Hispanorum
1057 3887 1136 3936 moti·

87 3966 590 4039 559tq.CitumHannibalioitermo·
634 3966 737 4038 hucque
765 3985 900 4018 armorum
929 3979 955 4018 ct
982 3982 1135 4035 corporum.

87 4047 217 4099 rabuntur
239 4047 280 4099 Ti.
302 4049 452 4119 Sempronii
473 4046 590 4098 Gracchi
634 4046 830 4112 videntium,
847 4045 899 4096 loc.
914 4047 958 4098 cit.
971 4044 1076 4112 -475,
1094 4046 1137 4098 Cf.

87 4127 212 4194 Peucon,
228 4129 276 4199 qni
290 4127 396 4198 ltospitie
412 4127 512 4179 Lucani
526 4125 589 4178 tiolo
634 4129 696 4178 var.
710 4126 857 4177 Lectiones.
