2624 4808
221 431 238 446 s
321 382 749 449 PUNlCORUM-LIB.
773 386 860 450 ΧΗ.
1074 390 1111 468 :37

65 516 127 581 Sat
137 535 256 586 matres
269 523 452 602 stimulant,
465 524 616 614 natique,
630 542 664 589 et
676 547 747 589 cara
761 528 893 616 supinas

67 623 282 692 Tendentum
295 627 419 717 palmas
432 628 701 719 lacrimantiaque
714 654 769 695 ora
783 647 965 720 parentum.
1072 643 1116 702 590

68 727 246 798 Ostentant
257 756 391 820 parvos,
405 736 583 826 vagituque
596 737 695 800 incita
709 736 841 823 pulsant

70 833 182 899 Corda
194 839 315 918 virum,
327 841 459 905 armatis
471 840 612 928 infigunt
624 843 734 906 oscula
748 840 879 905 dextris.

72 941 129 1004 Ire
140 942 269 1023 volunt,
283 961 317 1009 et
328 968 389 1032 pro
400 947 504 1011 muris
516 946 687 1034 obponere
701 946 796 1012 densi

72 1048 225 1127 Pectora,
239 1067 492 1140 respectantque
505 1074 596 1128 suos,
609 1050 792 1140 fletumque
806 1051 986 1117 resorbent.

75 1153 123 1216 Ut
134 1177 212 1219 vero
225 1156 357 1244 inpulso
368 1159 539 1246 patefactae
551 1158 685 1223 cardine
699 1177 818 1247 portae,
1076 1169 1119 1230 59⁵

74 1262 120 1323 Et
130 1261 228 1344 simul
240 1264 350 1350 erupit
361 1266 460 1330 motis
473 1268 634 1331 exercitus
646 1267 759 1345 armis,

74 1365 239 1432 Funditur
250 1369 405 1435 inmixtus
418 1371 543 1459 gemitu
555 1372 776 1461 precibusque
789 1393 849 1460 per
860 1371 942 1435 altos

74 1469 126 1534 Ad
139 1472 256 1536 caelum
267 1496 380 1538 muros
393 1474 545 1564 plangor,
559 1499 746 1567 sparsaeque
759 1476 875 1540 solutis

73 1576 228 1642 Crinibus
241 1579 410 1644 exululant
422 1599 556 1660 matres,
568 1599 668 1671 atque
681 1582 783 1661 ubera
796 1580 932 1645 nudant.

74 1684 210 1750 Fulvius
221 1688 412 1754 antevolans
424 1712 559 1778 agmen,
576 1719 588 1748 ιι
600 1691 680 1773 Quis
693 1691 833 1770 nesciat,
846 1689 969 1778 inquit,
1076 1697 1122 1746 ⁶00

74 1793 150 1855 Non
164 1811 281 1881 sponte
293 1792 334 1857 ad
348 1813 476 1860 nostros
490 1798 628 1861 Poenum
643 1798 771 1862 venisse
784 1798 939 1883 penates?

75 1901 102 1961 A
117 1898 219 1984 portis
232 1900 317 1987 fugit
328 1901 459 1990 Capuae.
473 1933 486 1961 n
501 1901 703 1968 Subnectere
717 1902 809 1991 plura

73 2006 259 2068 Conantem
272 2004 372 2070 tristis
384 2007 454 2070 caeli
467 2029 544 2071 cum
556 2030 726 2072 murmure
739 2025 830 2071 vasto

108 2191 161 2250 ⁵9²·
177 2191 280 2253 defiqunt
295 2192 384 2239 Puteol.
397 2219 426 2230 -
438 2194 491 2254 596.
513 2197 576 2241 motis
592 2196 673 2241 Colon.
689 2193 757 2255 Vulg.
770 2195 870 2256 junctis,
887 2194 929 2238 nisi
944 2192 1008 2255 quod
1021 2193 1085 2237 victis
1100 2192 1123 2236 in

74 2262 165 2308 Puteol.
177 2266 306 2326 projectis.
317 2289 347 2300 -
358 2266 410 2326 598.
419 2264 516 2331 plnnqor
524 2279 560 2312 est
571 2284 598 2313 ex
610 2267 701 2313 emend.
713 2269 741 2312 N.
752 2267 831 2312 Heins.
841 2265 932 2328 clunqor
941 2265 1020 2326 scripti
1032 2276 1054 2309 et
1066 2275 1121 2308 vett.

76 2331 130 2378 edd.
141 2358 174 2368 ·-
184 2333 238 2380 600.
255 2338 343 2380 nescius
359 2347 382 2380 et
397 2350 449 2381 mor
465 2345 550 2383 vestros
562 2337 613 2383 rut.
626 2361 658 2372 -
668 2336 722 2383 603.
735 2334 769 2380 bis
781 2335 844 2379 dictis
857 2349 901 2396 pro
916 2337 986 2377 tristis
999 2331 1122 2394 legendum

73 2487 257 2553 juventusffl.
269 2487 337 2552 adl,
349 2508 372 2542 π.
380 2488 480 2559 -589,
491 2492 576 2544 Scena
621 2491 697 2542 ubera
707 2491 807 2541 nudant
814 2489 938 2560 planctus
946 2503 1035 2546 causan
1044 2486 1120 2535 lent.

76 2567 254 2618 miserationis
268 2568 363 2637 plene,
378 2588 392 2620 e
408 2570 463 2620 Lis.
475 2569 575 2636 XXVl,
620 2570 716 2622 Nonne
725 2569 885 2640 potiusquis
894 2579 978 2617 vestes
987 2563 1122 2616 lacerant?

74 2666 109 2716 9,
127 2645 301 2711 adumbrata,
323 2661 349 2699 at
369 2649 450 2719 paulo
470 2649 576 2701 absolu·
655 2650 775 2718 boosqq.
786 2649 923 2708 Brevis,at
933 2658 997 2716 apta
1007 2643 1121 2713 tempori

74 2727 139 2776 tior:
151 2725 276 2796 qualibus
284 2725 349 2777 locis
360 2729 526 2779 inmorentur
534 2746 577 2780 ve·
620 2741 647 2780 et
664 2727 757 2781 efficax
774 2726 939 2779 admonitio:
957 2742 1009 2775 non
1024 2725 1120 2773 timen-

75 2804 136 2867 lim,
158 2806 204 2876 qui
227 2804 319 2857 Silium
343 2809 474 2859 morosius
500 2808 576 2860 fasti·
621 2805 670 2860 dus
685 2819 725 2860 est
738 2805 897 2876 bostis,qui
909 2821 962 2854 nou
975 2798 1119 2875 sponte,b.

76 2884 168 2947 diunt;
185 2887 247 2937 Ero.
262 2885 392 2938 Eumdem
403 2885 470 2939 Livii
487 2888 575 2940 locum
619 2907 642 2939 e.
656 2887 781 2959 expulsus
794 2888 912 2957 eCapua
923 2883 1021 2952 (immo
1035 2879 1122 2950 repul·

76 2964 155 3017 Silius
167 2977 333 3035 expresserat
343 2983 402 3036 sup.
415 2984 439 3016 v.
454 2967 505 3032 545
517 2986 573 3037 seq.
619 2987 663 3020 sus
675 2967 805 3036 acapna,
816 2983 897 3036 quarn
907 2959 1122 3015 obsidionelibe-

75 3043 117 3095 Cl.
127 3057 154 3096 et
165 3044 220 3094 Liv.
233 3045 293 3110 Vll,
308 3062 335 3095 ιι
348 3043 417 3096 med.
427 3045 516 3115 -591
534 3064 574 3117 sq.
620 3065 678 3098 rare
694 3065 746 3096 non
760 3042 903 3115 potuerat)
915 3043 987 3092 venit
1000 3052 1025 3090 et
1038 3039 1120 3090 veluti

73 3123 181 3195 pulsant
193 3124 289 3189 Cordo,
302 3136 331 3174 ut
341 3142 384 3194 ap.
393 3126 464 3196 Virg.
476 3125 573 3197 Georg.
620 3126 647 3175 in
660 3126 724 3195 fuga
741 3136 875 3184 versatur;
891 3123 952 3173 lirn.
966 3120 1044 3173 Silius
1056 3138 1120 3171 vero

76 3206 123 3267 lll,
140 3204 197 3256 tob.
212 3202 252 3255 cf.
267 3202 301 3255 ad
312 3205 348 3268 ll,
365 3207 416 3257 213
430 3205 476 3274 (in
485 3208 516 3256 V.
528 3205 576 3277 L.)
619 3204 712 3255 Fulvio
734 3203 843 3267 tribuit,
863 3221 921 3272 qnae
938 3201 1035 3252 Fabius
1055 3199 1120 3250 dixit

76 3298 102 3334 et
119 3283 178 3336 580.
194 3313 225 3321 -
242 3282 302 3353 593.
318 3285 360 3335 Ire
371 3283 462 3337 volunt
476 3283 574 3354 pubes,
621 3303 665 3354 ap.
679 3285 735 3335 Lir.
748 3283 847 3347 XXVI,
860 3283 884 3334 8.

74 3365 183 3427 armati,
193 3376 219 3414 et
231 3382 279 3434 pro
290 3366 381 3424 marim
394 3376 454 3415 unte
468 3382 573 3426 muros;
655 3364 715 3417 603.
731 3368 812 3416 Poeta
830 3365 968 3415 exornavit
982 3363 1120 3412 Lirinuam

74 3444 151 3493 Lenz.
163 3444 245 3492 Immo
257 3460 307 3511 pro
320 3442 404 3494 salute
419 3442 501 3495 urbis.
619 3444 683 3514 (lib.
696 3446 794 3509 XXVI,
810 3464 833 3496 c.
853 3462 861 3494 t
872 3461 880 3494 ι
891 3443 901 3513 l
913 3443 1119 3513 descriptionem

111 3522 169 3592 594.
182 3533 323 3593 respectant
331 3541 400 3586 suos,
413 3540 480 3592 quos
491 3541 526 3575 sc.
538 3525 574 3576 in·
619 3525 799 3595 tempestatis,
818 3541 871 3593 qua
887 3522 1006 3592 praelium
1020 3522 1061 3572 bis
1078 3519 1120 3570 di-

76 3604 121 3653 visi
140 3603 310 3672 relinquunt:
326 3615 355 3652 ut
373 3601 446 3673 apud
461 3603 573 3670 Quintil.
620 3616 731 3655 remtum
743 3625 748 3653 ε
760 3601 904 3674 quodcum
913 3600 1015 3671 judicio
1026 3600 1120 3652 lecisse-

75 3681 150 3733 Decl.
161 3683 199 3742 X,
218 3700 244 3751 p.
263 3683 320 3749 174.
337 3683 456 3734 slnvitus
469 3683 513 3734 ille
529 3702 574 3734 va·
619 3681 769 3734 censendus
779 3695 923 3750 est,quum
934 3699 974 3732 res
986 3682 1043 3751 ipsa
1053 3682 1120 3731 tanti

76 3760 202 3812 uescebat
215 3777 246 3811 ex
259 3759 358 3824 oculis,
372 3761 483 3812 multum
497 3765 574 3813 resis-
620 3762 700 3813 fuerit
718 3762 853 3812 momenti.
872 3759 982 3810 Colores
1000 3760 1119 3831 imaginis

76 3851 148 3904 tens,
160 3857 229 3908 saepe
240 3842 418 3909 respiciens,-
433 3854 484 3892 etc.
495 3842 572 3894 Conf.
618 3843 786 3912 potissimum
803 3843 880 3911 petiit
897 3859 912 3890 e
929 3839 1021 3911 virgil.
1036 3841 1083 3892 Ge.
1094 3842 1119 3904 l,

75 3919 111 3970 ad
124 3912 194 3984 Vlll,
216 3919 273 3971 108.
286 3950 320 3958 -
328 3920 424 3996 fletum
447 3924 575 3974 resorberet
619 3923 669 3974 322
683 3940 752 3992 sqq,
768 3933 794 3972 et
806 3919 909 3972 AEueid.
923 3921 947 3985 l,
960 3919 993 3984 84
1006 3936 1061 3988 sq.;
1075 3920 1120 3983 lV,

75 4000 231 4067 reprimunt.
246 3997 286 4049 Cl.
303 3998 394 4051 Senec.
413 4000 490 4051 llere.
509 4002 571 4053 OEt.
622 4002 670 4055 160
682 4020 737 4073 seq.
752 4002 836 4070 llujus
852 4000 1119 4068 lamentempestatis

78 4076 158 4139 1285,
170 4090 195 4128 et
207 4076 273 4128 Stet.
286 4077 370 4129 Theb.
384 4079 416 4141 V,
429 4079 490 4146 654.
618 4079 692 4132 nulls
704 4083 803 4132 mentio
818 4078 846 4129 lit
860 4098 904 4150 ap.
917 4076 1009 4149 Polyb.
1023 4076 1072 4140 lx,
1089 4075 1119 4140 6,

109 4156 168 4224 598.
182 4155 260 4208 Conl.
273 4158 321 4224 Vl,
336 4158 388 4210 560
400 4173 458 4229 sqq.
468 4157 570 4228 5599.
618 4177 650 4228 7,
672 4160 717 4211 nbi
738 4160 794 4212 alise
815 4171 998 4224 memorantur
1018 4172 1120 4222 rause,
